<ENVELOPE>
  <HEADER>
    <TALLYREQUEST>Import Data</TALLYREQUEST>
  </HEADER>
  <BODY>
    <IMPORTDATA>
      <REQUESTDESC>
        <REPORTNAME>Vouchers</REPORTNAME>
        <STATICVARIABLES>
          <SVCURRENTCOMPANY>MLMPL_Jigani_08_09</SVCURRENTCOMPANY>
        </STATICVARIABLES>
      </REQUESTDESC>
      <TALLYMESSAGE xmlns:UDF="TallyUDF">
        <VOUCHER>
          <VOUCHER REMOTEID="SL2147325601" VCHTYPE="Sales" ACTION="Create">
            <DATE>20180302</DATE>
            <GUID>2147325601</GUID>
            <NARRATION>Our WO No: undefined Packing Note No: 08277/ undefined</NARRATION>
            <VOUCHERTYPENAME>Sales</VOUCHERTYPENAME>
            <VOUCHERNUMBER>SL /JG0756 / undefined</VOUCHERNUMBER>
            <REFERENCE>17/J03254 DTD/01/03/2018</REFERENCE>
            <PARTYLEDGERNAME>MALLIK ENGINEERING (INDIA) PVT.LTD.</PARTYLEDGERNAME>
            <CSTFORMISSUETYPE/>
            <CSTFORMRECVTYPE/>
            <FBTPAYMENTTYPE>Default</FBTPAYMENTTYPE>
            <VCHGSTCLASS/>
            <DIFFACTUALQTY>No</DIFFACTUALQTY>
            <AUDITED>No</AUDITED>
            <FORJOBCOSTING>No</FORJOBCOSTING>
            <ISOPTIONAL>No</ISOPTIONAL>
            <EFFECTIVEDATE>20180302</EFFECTIVEDATE>
            <USEFORINTEREST>No</USEFORINTEREST>
            <USEFORGAINLOSS>No</USEFORGAINLOSS>
            <USEFORGODOWNTRANSFER>No</USEFORGODOWNTRANSFER>
            <USEFORCOMPOUND>No</USEFORCOMPOUND>
            <ALTERID>1</ALTERID>
            <EXCISEOPENING>No</EXCISEOPENING>
            <ISCANCELLED>No</ISCANCELLED>
            <HASCASHFLOW>No</HASCASHFLOW>
            <ISPOSTDATED>No</ISPOSTDATED>
            <USETRACKINGNUMBER>No</USETRACKINGNUMBER>
            <ISINVOICE>No</ISINVOICE>
            <MFGJOURNAL>No</MFGJOURNAL>
            <HASDISCOUNTS>No</HASDISCOUNTS>
            <ASPAYSLIP>No</ASPAYSLIP>
            <ISDELETED>No</ISDELETED>
            <ASORIGINAL>No</ASORIGINAL>
            <ALLLEDGERENTRIES.LIST>
              <LEDGERNAME>MALLIK ENGINEERING (INDIA) PVT.LTD.</LEDGERNAME>
              <GSTCLASS/>
              <ISDEEMEDPOSITIVE>Yes</ISDEEMEDPOSITIVE>
              <LEDGERFROMITEM>No</LEDGERFROMITEM>
              <REMOVEZEROENTRIES>No</REMOVEZEROENTRIES>
              <ISPARTYLEDGER>Yes</ISPARTYLEDGER>
              <AMOUNT>-5390</AMOUNT>
              <BILLALLOCATIONS.LIST>
                <NAME>SL /JG0756 / undefined</NAME>
                <BILLCREDITPERIOD>NaN</BILLCREDITPERIOD>
                <BILLTYPE>New Ref</BILLTYPE>
                <AMOUNT>-5390</AMOUNT>
              </BILLALLOCATIONS.LIST>
            </ALLLEDGERENTRIES.LIST>
            <ALLLEDGERENTRIES.LIST>
              <LEDGERNAME>SALES</LEDGERNAME>
              <GSTCLASS/>
              <ISDEEMEDPOSITIVE>No</ISDEEMEDPOSITIVE>
              <LEDGERFROMITEM>No</LEDGERFROMITEM>
              <REMOVEZEROENTRIES>No</REMOVEZEROENTRIES>
              <ISPARTYLEDGER>Yes</ISPARTYLEDGER>
              <AMOUNT>4567.70</AMOUNT>
            </ALLLEDGERENTRIES.LIST>
            <ALLLEDGERENTRIES.LIST>
              <LEDGERNAME>SGST @ 9%</LEDGERNAME>
              <GSTCLASS/>
              <ISDEEMEDPOSITIVE>No</ISDEEMEDPOSITIVE>
              <LEDGERFROMITEM>No</LEDGERFROMITEM>
              <REMOVEZEROENTRIES>No</REMOVEZEROENTRIES>
              <ISPARTYLEDGER>Yes</ISPARTYLEDGER>
              <AMOUNT>411.09</AMOUNT>
            </ALLLEDGERENTRIES.LIST>
            <ALLLEDGERENTRIES.LIST>
              <LEDGERNAME>CGST @ 9%</LEDGERNAME>
              <GSTCLASS/>
              <ISDEEMEDPOSITIVE>No</ISDEEMEDPOSITIVE>
              <LEDGERFROMITEM>No</LEDGERFROMITEM>
              <REMOVEZEROENTRIES>No</REMOVEZEROENTRIES>
              <ISPARTYLEDGER>Yes</ISPARTYLEDGER>
              <AMOUNT>411.09</AMOUNT>
            </ALLLEDGERENTRIES.LIST>
            <ALLLEDGERENTRIES.LIST>
              <LEDGERNAME>Round Off</LEDGERNAME>
              <GSTCLASS/>
              <ISDEEMEDPOSITIVE>Yes</ISDEEMEDPOSITIVE>
              <LEDGERFROMITEM>No</LEDGERFROMITEM>
              <REMOVEZEROENTRIES>No</REMOVEZEROENTRIES>
              <ISPARTYLEDGER>Yes</ISPARTYLEDGER>
              <AMOUNT>0.12</AMOUNT>
            </ALLLEDGERENTRIES.LIST>
          </VOUCHER>
        </VOUCHER>
        <VOUCHER>
          <VOUCHER REMOTEID="SL2147325602" VCHTYPE="Sales" ACTION="Create">
            <DATE>20180302</DATE>
            <GUID>2147325602</GUID>
            <NARRATION>Our WO No: undefined Packing Note No: 08278/ undefined</NARRATION>
            <VOUCHERTYPENAME>Sales</VOUCHERTYPENAME>
            <VOUCHERNUMBER>SL /JG0757 / undefined</VOUCHERNUMBER>
            <REFERENCE>17//03250 DT/01/03/18</REFERENCE>
            <PARTYLEDGERNAME>MALLIK ENGINEERING (INDIA) PVT.LTD.</PARTYLEDGERNAME>
            <CSTFORMISSUETYPE/>
            <CSTFORMRECVTYPE/>
            <FBTPAYMENTTYPE>Default</FBTPAYMENTTYPE>
            <VCHGSTCLASS/>
            <DIFFACTUALQTY>No</DIFFACTUALQTY>
            <AUDITED>No</AUDITED>
            <FORJOBCOSTING>No</FORJOBCOSTING>
            <ISOPTIONAL>No</ISOPTIONAL>
            <EFFECTIVEDATE>20180302</EFFECTIVEDATE>
            <USEFORINTEREST>No</USEFORINTEREST>
            <USEFORGAINLOSS>No</USEFORGAINLOSS>
            <USEFORGODOWNTRANSFER>No</USEFORGODOWNTRANSFER>
            <USEFORCOMPOUND>No</USEFORCOMPOUND>
            <ALTERID>2</ALTERID>
            <EXCISEOPENING>No</EXCISEOPENING>
            <ISCANCELLED>No</ISCANCELLED>
            <HASCASHFLOW>No</HASCASHFLOW>
            <ISPOSTDATED>No</ISPOSTDATED>
            <USETRACKINGNUMBER>No</USETRACKINGNUMBER>
            <ISINVOICE>No</ISINVOICE>
            <MFGJOURNAL>No</MFGJOURNAL>
            <HASDISCOUNTS>No</HASDISCOUNTS>
            <ASPAYSLIP>No</ASPAYSLIP>
            <ISDELETED>No</ISDELETED>
            <ASORIGINAL>No</ASORIGINAL>
            <ALLLEDGERENTRIES.LIST>
              <LEDGERNAME>MALLIK ENGINEERING (INDIA) PVT.LTD.</LEDGERNAME>
              <GSTCLASS/>
              <ISDEEMEDPOSITIVE>Yes</ISDEEMEDPOSITIVE>
              <LEDGERFROMITEM>No</LEDGERFROMITEM>
              <REMOVEZEROENTRIES>No</REMOVEZEROENTRIES>
              <ISPARTYLEDGER>Yes</ISPARTYLEDGER>
              <AMOUNT>-6421</AMOUNT>
              <BILLALLOCATIONS.LIST>
                <NAME>SL /JG0757 / undefined</NAME>
                <BILLCREDITPERIOD>NaN</BILLCREDITPERIOD>
                <BILLTYPE>New Ref</BILLTYPE>
                <AMOUNT>-6421</AMOUNT>
              </BILLALLOCATIONS.LIST>
            </ALLLEDGERENTRIES.LIST>
            <ALLLEDGERENTRIES.LIST>
              <LEDGERNAME>SALES</LEDGERNAME>
              <GSTCLASS/>
              <ISDEEMEDPOSITIVE>No</ISDEEMEDPOSITIVE>
              <LEDGERFROMITEM>No</LEDGERFROMITEM>
              <REMOVEZEROENTRIES>No</REMOVEZEROENTRIES>
              <ISPARTYLEDGER>Yes</ISPARTYLEDGER>
              <AMOUNT>5441.30</AMOUNT>
            </ALLLEDGERENTRIES.LIST>
            <ALLLEDGERENTRIES.LIST>
              <LEDGERNAME>SGST @ 9%</LEDGERNAME>
              <GSTCLASS/>
              <ISDEEMEDPOSITIVE>No</ISDEEMEDPOSITIVE>
              <LEDGERFROMITEM>No</LEDGERFROMITEM>
              <REMOVEZEROENTRIES>No</REMOVEZEROENTRIES>
              <ISPARTYLEDGER>Yes</ISPARTYLEDGER>
              <AMOUNT>411.09</AMOUNT>
            </ALLLEDGERENTRIES.LIST>
            <ALLLEDGERENTRIES.LIST>
              <LEDGERNAME>CGST @ 9%</LEDGERNAME>
              <GSTCLASS/>
              <ISDEEMEDPOSITIVE>No</ISDEEMEDPOSITIVE>
              <LEDGERFROMITEM>No</LEDGERFROMITEM>
              <REMOVEZEROENTRIES>No</REMOVEZEROENTRIES>
              <ISPARTYLEDGER>Yes</ISPARTYLEDGER>
              <AMOUNT>411.09</AMOUNT>
            </ALLLEDGERENTRIES.LIST>
            <ALLLEDGERENTRIES.LIST>
              <LEDGERNAME>Round Off</LEDGERNAME>
              <GSTCLASS/>
              <ISDEEMEDPOSITIVE>Yes</ISDEEMEDPOSITIVE>
              <LEDGERFROMITEM>No</LEDGERFROMITEM>
              <REMOVEZEROENTRIES>No</REMOVEZEROENTRIES>
              <ISPARTYLEDGER>Yes</ISPARTYLEDGER>
              <AMOUNT>0.26</AMOUNT>
            </ALLLEDGERENTRIES.LIST>
          </VOUCHER>
        </VOUCHER>
        <VOUCHER>
          <VOUCHER REMOTEID="SL2147325603" VCHTYPE="Sales" ACTION="Create">
            <DATE>20180302</DATE>
            <GUID>2147325603</GUID>
            <NARRATION>Our WO No: undefined Packing Note No: 08279/ undefined</NARRATION>
            <VOUCHERTYPENAME>Sales</VOUCHERTYPENAME>
            <VOUCHERNUMBER>SL /JG0758 / undefined</VOUCHERNUMBER>
            <REFERENCE>W.0=8831,8800,8829,8830 DT/01/03/18</REFERENCE>
            <PARTYLEDGERNAME>WILLIAMS REFRIGERATION</PARTYLEDGERNAME>
            <CSTFORMISSUETYPE/>
            <CSTFORMRECVTYPE/>
            <FBTPAYMENTTYPE>Default</FBTPAYMENTTYPE>
            <VCHGSTCLASS/>
            <DIFFACTUALQTY>No</DIFFACTUALQTY>
            <AUDITED>No</AUDITED>
            <FORJOBCOSTING>No</FORJOBCOSTING>
            <ISOPTIONAL>No</ISOPTIONAL>
            <EFFECTIVEDATE>20180302</EFFECTIVEDATE>
            <USEFORINTEREST>No</USEFORINTEREST>
            <USEFORGAINLOSS>No</USEFORGAINLOSS>
            <USEFORGODOWNTRANSFER>No</USEFORGODOWNTRANSFER>
            <USEFORCOMPOUND>No</USEFORCOMPOUND>
            <ALTERID>3</ALTERID>
            <EXCISEOPENING>No</EXCISEOPENING>
            <ISCANCELLED>No</ISCANCELLED>
            <HASCASHFLOW>No</HASCASHFLOW>
            <ISPOSTDATED>No</ISPOSTDATED>
            <USETRACKINGNUMBER>No</USETRACKINGNUMBER>
            <ISINVOICE>No</ISINVOICE>
            <MFGJOURNAL>No</MFGJOURNAL>
            <HASDISCOUNTS>No</HASDISCOUNTS>
            <ASPAYSLIP>No</ASPAYSLIP>
            <ISDELETED>No</ISDELETED>
            <ASORIGINAL>No</ASORIGINAL>
            <ALLLEDGERENTRIES.LIST>
              <LEDGERNAME>WILLIAMS REFRIGERATION</LEDGERNAME>
              <GSTCLASS/>
              <ISDEEMEDPOSITIVE>Yes</ISDEEMEDPOSITIVE>
              <LEDGERFROMITEM>No</LEDGERFROMITEM>
              <REMOVEZEROENTRIES>No</REMOVEZEROENTRIES>
              <ISPARTYLEDGER>Yes</ISPARTYLEDGER>
              <AMOUNT>-590</AMOUNT>
              <BILLALLOCATIONS.LIST>
                <NAME>SL /JG0758 / undefined</NAME>
                <BILLCREDITPERIOD>NaN</BILLCREDITPERIOD>
                <BILLTYPE>New Ref</BILLTYPE>
                <AMOUNT>-590</AMOUNT>
              </BILLALLOCATIONS.LIST>
            </ALLLEDGERENTRIES.LIST>
            <ALLLEDGERENTRIES.LIST>
              <LEDGERNAME>SALES</LEDGERNAME>
              <GSTCLASS/>
              <ISDEEMEDPOSITIVE>No</ISDEEMEDPOSITIVE>
              <LEDGERFROMITEM>No</LEDGERFROMITEM>
              <REMOVEZEROENTRIES>No</REMOVEZEROENTRIES>
              <ISPARTYLEDGER>Yes</ISPARTYLEDGER>
              <AMOUNT>500.00</AMOUNT>
            </ALLLEDGERENTRIES.LIST>
            <ALLLEDGERENTRIES.LIST>
              <LEDGERNAME>SGST @ 9%</LEDGERNAME>
              <GSTCLASS/>
              <ISDEEMEDPOSITIVE>No</ISDEEMEDPOSITIVE>
              <LEDGERFROMITEM>No</LEDGERFROMITEM>
              <REMOVEZEROENTRIES>No</REMOVEZEROENTRIES>
              <ISPARTYLEDGER>Yes</ISPARTYLEDGER>
              <AMOUNT>411.09</AMOUNT>
            </ALLLEDGERENTRIES.LIST>
            <ALLLEDGERENTRIES.LIST>
              <LEDGERNAME>CGST @ 9%</LEDGERNAME>
              <GSTCLASS/>
              <ISDEEMEDPOSITIVE>No</ISDEEMEDPOSITIVE>
              <LEDGERFROMITEM>No</LEDGERFROMITEM>
              <REMOVEZEROENTRIES>No</REMOVEZEROENTRIES>
              <ISPARTYLEDGER>Yes</ISPARTYLEDGER>
              <AMOUNT>411.09</AMOUNT>
            </ALLLEDGERENTRIES.LIST>
          </VOUCHER>
        </VOUCHER>
        <VOUCHER>
          <VOUCHER REMOTEID="SL2147325623" VCHTYPE="Sales" ACTION="Create">
            <DATE>20180302</DATE>
            <GUID>2147325623</GUID>
            <NARRATION>Our WO No: undefined Packing Note No: 08293/ undefined</NARRATION>
            <VOUCHERTYPENAME>Sales</VOUCHERTYPENAME>
            <VOUCHERNUMBER>SL /JG0759 / undefined</VOUCHERNUMBER>
            <REFERENCE>8MM MSHR</REFERENCE>
            <PARTYLEDGERNAME>VINAYAKA ENGINEERING</PARTYLEDGERNAME>
            <CSTFORMISSUETYPE/>
            <CSTFORMRECVTYPE/>
            <FBTPAYMENTTYPE>Default</FBTPAYMENTTYPE>
            <VCHGSTCLASS/>
            <DIFFACTUALQTY>No</DIFFACTUALQTY>
            <AUDITED>No</AUDITED>
            <FORJOBCOSTING>No</FORJOBCOSTING>
            <ISOPTIONAL>No</ISOPTIONAL>
            <EFFECTIVEDATE>20180302</EFFECTIVEDATE>
            <USEFORINTEREST>No</USEFORINTEREST>
            <USEFORGAINLOSS>No</USEFORGAINLOSS>
            <USEFORGODOWNTRANSFER>No</USEFORGODOWNTRANSFER>
            <USEFORCOMPOUND>No</USEFORCOMPOUND>
            <ALTERID>4</ALTERID>
            <EXCISEOPENING>No</EXCISEOPENING>
            <ISCANCELLED>No</ISCANCELLED>
            <HASCASHFLOW>No</HASCASHFLOW>
            <ISPOSTDATED>No</ISPOSTDATED>
            <USETRACKINGNUMBER>No</USETRACKINGNUMBER>
            <ISINVOICE>No</ISINVOICE>
            <MFGJOURNAL>No</MFGJOURNAL>
            <HASDISCOUNTS>No</HASDISCOUNTS>
            <ASPAYSLIP>No</ASPAYSLIP>
            <ISDELETED>No</ISDELETED>
            <ASORIGINAL>No</ASORIGINAL>
            <ALLLEDGERENTRIES.LIST>
              <LEDGERNAME>VINAYAKA ENGINEERING</LEDGERNAME>
              <GSTCLASS/>
              <ISDEEMEDPOSITIVE>Yes</ISDEEMEDPOSITIVE>
              <LEDGERFROMITEM>No</LEDGERFROMITEM>
              <REMOVEZEROENTRIES>No</REMOVEZEROENTRIES>
              <ISPARTYLEDGER>Yes</ISPARTYLEDGER>
              <AMOUNT>-1000</AMOUNT>
              <BILLALLOCATIONS.LIST>
                <NAME>SL /JG0759 / undefined</NAME>
                <BILLCREDITPERIOD>NaN</BILLCREDITPERIOD>
                <BILLTYPE>New Ref</BILLTYPE>
                <AMOUNT>-1000</AMOUNT>
              </BILLALLOCATIONS.LIST>
            </ALLLEDGERENTRIES.LIST>
            <ALLLEDGERENTRIES.LIST>
              <LEDGERNAME>SALES</LEDGERNAME>
              <GSTCLASS/>
              <ISDEEMEDPOSITIVE>No</ISDEEMEDPOSITIVE>
              <LEDGERFROMITEM>No</LEDGERFROMITEM>
              <REMOVEZEROENTRIES>No</REMOVEZEROENTRIES>
              <ISPARTYLEDGER>Yes</ISPARTYLEDGER>
              <AMOUNT>847.50</AMOUNT>
            </ALLLEDGERENTRIES.LIST>
            <ALLLEDGERENTRIES.LIST>
              <LEDGERNAME>SGST @ 9%</LEDGERNAME>
              <GSTCLASS/>
              <ISDEEMEDPOSITIVE>No</ISDEEMEDPOSITIVE>
              <LEDGERFROMITEM>No</LEDGERFROMITEM>
              <REMOVEZEROENTRIES>No</REMOVEZEROENTRIES>
              <ISPARTYLEDGER>Yes</ISPARTYLEDGER>
              <AMOUNT>411.09</AMOUNT>
            </ALLLEDGERENTRIES.LIST>
            <ALLLEDGERENTRIES.LIST>
              <LEDGERNAME>CGST @ 9%</LEDGERNAME>
              <GSTCLASS/>
              <ISDEEMEDPOSITIVE>No</ISDEEMEDPOSITIVE>
              <LEDGERFROMITEM>No</LEDGERFROMITEM>
              <REMOVEZEROENTRIES>No</REMOVEZEROENTRIES>
              <ISPARTYLEDGER>Yes</ISPARTYLEDGER>
              <AMOUNT>411.09</AMOUNT>
            </ALLLEDGERENTRIES.LIST>
            <ALLLEDGERENTRIES.LIST>
              <LEDGERNAME>Round Off</LEDGERNAME>
              <GSTCLASS/>
              <ISDEEMEDPOSITIVE>Yes</ISDEEMEDPOSITIVE>
              <LEDGERFROMITEM>No</LEDGERFROMITEM>
              <REMOVEZEROENTRIES>No</REMOVEZEROENTRIES>
              <ISPARTYLEDGER>Yes</ISPARTYLEDGER>
              <AMOUNT>-0.06</AMOUNT>
            </ALLLEDGERENTRIES.LIST>
          </VOUCHER>
        </VOUCHER>
        <VOUCHER>
          <VOUCHER REMOTEID="SL2147325631" VCHTYPE="Sales" ACTION="Create">
            <DATE>20180302</DATE>
            <GUID>2147325631</GUID>
            <NARRATION>Our WO No: undefined Packing Note No: 08298/ undefined</NARRATION>
            <VOUCHERTYPENAME>Sales</VOUCHERTYPENAME>
            <VOUCHERNUMBER>SL /JG0760 / undefined</VOUCHERNUMBER>
            <REFERENCE>SAMPLE</REFERENCE>
            <PARTYLEDGERNAME>KAVIA ENGINEERING PRIVATE LIMITED</PARTYLEDGERNAME>
            <CSTFORMISSUETYPE/>
            <CSTFORMRECVTYPE/>
            <FBTPAYMENTTYPE>Default</FBTPAYMENTTYPE>
            <VCHGSTCLASS/>
            <DIFFACTUALQTY>No</DIFFACTUALQTY>
            <AUDITED>No</AUDITED>
            <FORJOBCOSTING>No</FORJOBCOSTING>
            <ISOPTIONAL>No</ISOPTIONAL>
            <EFFECTIVEDATE>20180302</EFFECTIVEDATE>
            <USEFORINTEREST>No</USEFORINTEREST>
            <USEFORGAINLOSS>No</USEFORGAINLOSS>
            <USEFORGODOWNTRANSFER>No</USEFORGODOWNTRANSFER>
            <USEFORCOMPOUND>No</USEFORCOMPOUND>
            <ALTERID>5</ALTERID>
            <EXCISEOPENING>No</EXCISEOPENING>
            <ISCANCELLED>No</ISCANCELLED>
            <HASCASHFLOW>No</HASCASHFLOW>
            <ISPOSTDATED>No</ISPOSTDATED>
            <USETRACKINGNUMBER>No</USETRACKINGNUMBER>
            <ISINVOICE>No</ISINVOICE>
            <MFGJOURNAL>No</MFGJOURNAL>
            <HASDISCOUNTS>No</HASDISCOUNTS>
            <ASPAYSLIP>No</ASPAYSLIP>
            <ISDELETED>No</ISDELETED>
            <ASORIGINAL>No</ASORIGINAL>
            <ALLLEDGERENTRIES.LIST>
              <LEDGERNAME>KAVIA ENGINEERING PRIVATE LIMITED</LEDGERNAME>
              <GSTCLASS/>
              <ISDEEMEDPOSITIVE>Yes</ISDEEMEDPOSITIVE>
              <LEDGERFROMITEM>No</LEDGERFROMITEM>
              <REMOVEZEROENTRIES>No</REMOVEZEROENTRIES>
              <ISPARTYLEDGER>Yes</ISPARTYLEDGER>
              <AMOUNT>-1121</AMOUNT>
              <BILLALLOCATIONS.LIST>
                <NAME>SL /JG0760 / undefined</NAME>
                <BILLCREDITPERIOD>NaN</BILLCREDITPERIOD>
                <BILLTYPE>New Ref</BILLTYPE>
                <AMOUNT>-1121</AMOUNT>
              </BILLALLOCATIONS.LIST>
            </ALLLEDGERENTRIES.LIST>
            <ALLLEDGERENTRIES.LIST>
              <LEDGERNAME>SALES</LEDGERNAME>
              <GSTCLASS/>
              <ISDEEMEDPOSITIVE>No</ISDEEMEDPOSITIVE>
              <LEDGERFROMITEM>No</LEDGERFROMITEM>
              <REMOVEZEROENTRIES>No</REMOVEZEROENTRIES>
              <ISPARTYLEDGER>Yes</ISPARTYLEDGER>
              <AMOUNT>950.00</AMOUNT>
            </ALLLEDGERENTRIES.LIST>
            <ALLLEDGERENTRIES.LIST>
              <LEDGERNAME>SGST @ 9%</LEDGERNAME>
              <GSTCLASS/>
              <ISDEEMEDPOSITIVE>No</ISDEEMEDPOSITIVE>
              <LEDGERFROMITEM>No</LEDGERFROMITEM>
              <REMOVEZEROENTRIES>No</REMOVEZEROENTRIES>
              <ISPARTYLEDGER>Yes</ISPARTYLEDGER>
              <AMOUNT>411.09</AMOUNT>
            </ALLLEDGERENTRIES.LIST>
            <ALLLEDGERENTRIES.LIST>
              <LEDGERNAME>CGST @ 9%</LEDGERNAME>
              <GSTCLASS/>
              <ISDEEMEDPOSITIVE>No</ISDEEMEDPOSITIVE>
              <LEDGERFROMITEM>No</LEDGERFROMITEM>
              <REMOVEZEROENTRIES>No</REMOVEZEROENTRIES>
              <ISPARTYLEDGER>Yes</ISPARTYLEDGER>
              <AMOUNT>411.09</AMOUNT>
            </ALLLEDGERENTRIES.LIST>
          </VOUCHER>
        </VOUCHER>
        <VOUCHER>
          <VOUCHER REMOTEID="SL2147325590" VCHTYPE="Job Work" ACTION="Create">
            <DATE>20180302</DATE>
            <GUID>2147325590</GUID>
            <NARRATION>Our WO No: undefined Packing Note No: 08268/ undefined</NARRATION>
            <VOUCHERTYPENAME>Sales</VOUCHERTYPENAME>
            <VOUCHERNUMBER>SL /JS4934 / undefined</VOUCHERNUMBER>
            <REFERENCE>2822018  DTD  28-2-2018</REFERENCE>
            <PARTYLEDGERNAME>SAROJ CREATIONS</PARTYLEDGERNAME>
            <CSTFORMISSUETYPE/>
            <CSTFORMRECVTYPE/>
            <FBTPAYMENTTYPE>Default</FBTPAYMENTTYPE>
            <VCHGSTCLASS/>
            <DIFFACTUALQTY>No</DIFFACTUALQTY>
            <AUDITED>No</AUDITED>
            <FORJOBCOSTING>No</FORJOBCOSTING>
            <ISOPTIONAL>No</ISOPTIONAL>
            <EFFECTIVEDATE>20180302</EFFECTIVEDATE>
            <USEFORINTEREST>No</USEFORINTEREST>
            <USEFORGAINLOSS>No</USEFORGAINLOSS>
            <USEFORGODOWNTRANSFER>No</USEFORGODOWNTRANSFER>
            <USEFORCOMPOUND>No</USEFORCOMPOUND>
            <ALTERID>6</ALTERID>
            <EXCISEOPENING>No</EXCISEOPENING>
            <ISCANCELLED>No</ISCANCELLED>
            <HASCASHFLOW>No</HASCASHFLOW>
            <ISPOSTDATED>No</ISPOSTDATED>
            <USETRACKINGNUMBER>No</USETRACKINGNUMBER>
            <ISINVOICE>No</ISINVOICE>
            <MFGJOURNAL>No</MFGJOURNAL>
            <HASDISCOUNTS>No</HASDISCOUNTS>
            <ASPAYSLIP>No</ASPAYSLIP>
            <ISDELETED>No</ISDELETED>
            <ASORIGINAL>No</ASORIGINAL>
            <ALLLEDGERENTRIES.LIST>
              <LEDGERNAME>SAROJ CREATIONS</LEDGERNAME>
              <GSTCLASS/>
              <ISDEEMEDPOSITIVE>Yes</ISDEEMEDPOSITIVE>
              <LEDGERFROMITEM>No</LEDGERFROMITEM>
              <REMOVEZEROENTRIES>No</REMOVEZEROENTRIES>
              <ISPARTYLEDGER>Yes</ISPARTYLEDGER>
              <AMOUNT>-3186</AMOUNT>
              <BILLALLOCATIONS.LIST>
                <NAME>SL /JS4934 / undefined</NAME>
                <BILLCREDITPERIOD>NaN</BILLCREDITPERIOD>
                <BILLTYPE>New Ref</BILLTYPE>
                <AMOUNT>-3186</AMOUNT>
              </BILLALLOCATIONS.LIST>
            </ALLLEDGERENTRIES.LIST>
            <ALLLEDGERENTRIES.LIST>
              <LEDGERNAME>JOBWORK</LEDGERNAME>
              <GSTCLASS/>
              <ISDEEMEDPOSITIVE>No</ISDEEMEDPOSITIVE>
              <LEDGERFROMITEM>No</LEDGERFROMITEM>
              <REMOVEZEROENTRIES>No</REMOVEZEROENTRIES>
              <ISPARTYLEDGER>Yes</ISPARTYLEDGER>
              <AMOUNT>2700.00</AMOUNT>
            </ALLLEDGERENTRIES.LIST>
            <ALLLEDGERENTRIES.LIST>
              <LEDGERNAME>SGST @ 9%</LEDGERNAME>
              <GSTCLASS/>
              <ISDEEMEDPOSITIVE>No</ISDEEMEDPOSITIVE>
              <LEDGERFROMITEM>No</LEDGERFROMITEM>
              <REMOVEZEROENTRIES>No</REMOVEZEROENTRIES>
              <ISPARTYLEDGER>Yes</ISPARTYLEDGER>
              <AMOUNT>411.09</AMOUNT>
            </ALLLEDGERENTRIES.LIST>
            <ALLLEDGERENTRIES.LIST>
              <LEDGERNAME>CGST @ 9%</LEDGERNAME>
              <GSTCLASS/>
              <ISDEEMEDPOSITIVE>No</ISDEEMEDPOSITIVE>
              <LEDGERFROMITEM>No</LEDGERFROMITEM>
              <REMOVEZEROENTRIES>No</REMOVEZEROENTRIES>
              <ISPARTYLEDGER>Yes</ISPARTYLEDGER>
              <AMOUNT>411.09</AMOUNT>
            </ALLLEDGERENTRIES.LIST>
          </VOUCHER>
        </VOUCHER>
        <VOUCHER>
          <VOUCHER REMOTEID="SL2147325592" VCHTYPE="Job Work" ACTION="Create">
            <DATE>20180302</DATE>
            <GUID>2147325592</GUID>
            <NARRATION>Our WO No: undefined Packing Note No: 08269/ undefined</NARRATION>
            <VOUCHERTYPENAME>Sales</VOUCHERTYPENAME>
            <VOUCHERNUMBER>SL /JS4935 / undefined</VOUCHERNUMBER>
            <REFERENCE>1622018  DTD  16-2-208</REFERENCE>
            <PARTYLEDGERNAME>SAROJ CREATIONS</PARTYLEDGERNAME>
            <CSTFORMISSUETYPE/>
            <CSTFORMRECVTYPE/>
            <FBTPAYMENTTYPE>Default</FBTPAYMENTTYPE>
            <VCHGSTCLASS/>
            <DIFFACTUALQTY>No</DIFFACTUALQTY>
            <AUDITED>No</AUDITED>
            <FORJOBCOSTING>No</FORJOBCOSTING>
            <ISOPTIONAL>No</ISOPTIONAL>
            <EFFECTIVEDATE>20180302</EFFECTIVEDATE>
            <USEFORINTEREST>No</USEFORINTEREST>
            <USEFORGAINLOSS>No</USEFORGAINLOSS>
            <USEFORGODOWNTRANSFER>No</USEFORGODOWNTRANSFER>
            <USEFORCOMPOUND>No</USEFORCOMPOUND>
            <ALTERID>7</ALTERID>
            <EXCISEOPENING>No</EXCISEOPENING>
            <ISCANCELLED>No</ISCANCELLED>
            <HASCASHFLOW>No</HASCASHFLOW>
            <ISPOSTDATED>No</ISPOSTDATED>
            <USETRACKINGNUMBER>No</USETRACKINGNUMBER>
            <ISINVOICE>No</ISINVOICE>
            <MFGJOURNAL>No</MFGJOURNAL>
            <HASDISCOUNTS>No</HASDISCOUNTS>
            <ASPAYSLIP>No</ASPAYSLIP>
            <ISDELETED>No</ISDELETED>
            <ASORIGINAL>No</ASORIGINAL>
            <ALLLEDGERENTRIES.LIST>
              <LEDGERNAME>SAROJ CREATIONS</LEDGERNAME>
              <GSTCLASS/>
              <ISDEEMEDPOSITIVE>Yes</ISDEEMEDPOSITIVE>
              <LEDGERFROMITEM>No</LEDGERFROMITEM>
              <REMOVEZEROENTRIES>No</REMOVEZEROENTRIES>
              <ISPARTYLEDGER>Yes</ISPARTYLEDGER>
              <AMOUNT>-2124</AMOUNT>
              <BILLALLOCATIONS.LIST>
                <NAME>SL /JS4935 / undefined</NAME>
                <BILLCREDITPERIOD>NaN</BILLCREDITPERIOD>
                <BILLTYPE>New Ref</BILLTYPE>
                <AMOUNT>-2124</AMOUNT>
              </BILLALLOCATIONS.LIST>
            </ALLLEDGERENTRIES.LIST>
            <ALLLEDGERENTRIES.LIST>
              <LEDGERNAME>JOBWORK</LEDGERNAME>
              <GSTCLASS/>
              <ISDEEMEDPOSITIVE>No</ISDEEMEDPOSITIVE>
              <LEDGERFROMITEM>No</LEDGERFROMITEM>
              <REMOVEZEROENTRIES>No</REMOVEZEROENTRIES>
              <ISPARTYLEDGER>Yes</ISPARTYLEDGER>
              <AMOUNT>1800.00</AMOUNT>
            </ALLLEDGERENTRIES.LIST>
            <ALLLEDGERENTRIES.LIST>
              <LEDGERNAME>SGST @ 9%</LEDGERNAME>
              <GSTCLASS/>
              <ISDEEMEDPOSITIVE>No</ISDEEMEDPOSITIVE>
              <LEDGERFROMITEM>No</LEDGERFROMITEM>
              <REMOVEZEROENTRIES>No</REMOVEZEROENTRIES>
              <ISPARTYLEDGER>Yes</ISPARTYLEDGER>
              <AMOUNT>411.09</AMOUNT>
            </ALLLEDGERENTRIES.LIST>
            <ALLLEDGERENTRIES.LIST>
              <LEDGERNAME>CGST @ 9%</LEDGERNAME>
              <GSTCLASS/>
              <ISDEEMEDPOSITIVE>No</ISDEEMEDPOSITIVE>
              <LEDGERFROMITEM>No</LEDGERFROMITEM>
              <REMOVEZEROENTRIES>No</REMOVEZEROENTRIES>
              <ISPARTYLEDGER>Yes</ISPARTYLEDGER>
              <AMOUNT>411.09</AMOUNT>
            </ALLLEDGERENTRIES.LIST>
          </VOUCHER>
        </VOUCHER>
        <VOUCHER>
          <VOUCHER REMOTEID="SL2147325593" VCHTYPE="Job Work" ACTION="Create">
            <DATE>20180302</DATE>
            <GUID>2147325593</GUID>
            <NARRATION>Our WO No: undefined Packing Note No: 08270/ undefined</NARRATION>
            <VOUCHERTYPENAME>Sales</VOUCHERTYPENAME>
            <VOUCHERNUMBER>SL /JS4936 / undefined</VOUCHERNUMBER>
            <REFERENCE>1622018  DTD  16-2-2018</REFERENCE>
            <PARTYLEDGERNAME>SAROJ CREATIONS</PARTYLEDGERNAME>
            <CSTFORMISSUETYPE/>
            <CSTFORMRECVTYPE/>
            <FBTPAYMENTTYPE>Default</FBTPAYMENTTYPE>
            <VCHGSTCLASS/>
            <DIFFACTUALQTY>No</DIFFACTUALQTY>
            <AUDITED>No</AUDITED>
            <FORJOBCOSTING>No</FORJOBCOSTING>
            <ISOPTIONAL>No</ISOPTIONAL>
            <EFFECTIVEDATE>20180302</EFFECTIVEDATE>
            <USEFORINTEREST>No</USEFORINTEREST>
            <USEFORGAINLOSS>No</USEFORGAINLOSS>
            <USEFORGODOWNTRANSFER>No</USEFORGODOWNTRANSFER>
            <USEFORCOMPOUND>No</USEFORCOMPOUND>
            <ALTERID>8</ALTERID>
            <EXCISEOPENING>No</EXCISEOPENING>
            <ISCANCELLED>No</ISCANCELLED>
            <HASCASHFLOW>No</HASCASHFLOW>
            <ISPOSTDATED>No</ISPOSTDATED>
            <USETRACKINGNUMBER>No</USETRACKINGNUMBER>
            <ISINVOICE>No</ISINVOICE>
            <MFGJOURNAL>No</MFGJOURNAL>
            <HASDISCOUNTS>No</HASDISCOUNTS>
            <ASPAYSLIP>No</ASPAYSLIP>
            <ISDELETED>No</ISDELETED>
            <ASORIGINAL>No</ASORIGINAL>
            <ALLLEDGERENTRIES.LIST>
              <LEDGERNAME>SAROJ CREATIONS</LEDGERNAME>
              <GSTCLASS/>
              <ISDEEMEDPOSITIVE>Yes</ISDEEMEDPOSITIVE>
              <LEDGERFROMITEM>No</LEDGERFROMITEM>
              <REMOVEZEROENTRIES>No</REMOVEZEROENTRIES>
              <ISPARTYLEDGER>Yes</ISPARTYLEDGER>
              <AMOUNT>-2655</AMOUNT>
              <BILLALLOCATIONS.LIST>
                <NAME>SL /JS4936 / undefined</NAME>
                <BILLCREDITPERIOD>NaN</BILLCREDITPERIOD>
                <BILLTYPE>New Ref</BILLTYPE>
                <AMOUNT>-2655</AMOUNT>
              </BILLALLOCATIONS.LIST>
            </ALLLEDGERENTRIES.LIST>
            <ALLLEDGERENTRIES.LIST>
              <LEDGERNAME>JOBWORK</LEDGERNAME>
              <GSTCLASS/>
              <ISDEEMEDPOSITIVE>No</ISDEEMEDPOSITIVE>
              <LEDGERFROMITEM>No</LEDGERFROMITEM>
              <REMOVEZEROENTRIES>No</REMOVEZEROENTRIES>
              <ISPARTYLEDGER>Yes</ISPARTYLEDGER>
              <AMOUNT>2250.00</AMOUNT>
            </ALLLEDGERENTRIES.LIST>
            <ALLLEDGERENTRIES.LIST>
              <LEDGERNAME>SGST @ 9%</LEDGERNAME>
              <GSTCLASS/>
              <ISDEEMEDPOSITIVE>No</ISDEEMEDPOSITIVE>
              <LEDGERFROMITEM>No</LEDGERFROMITEM>
              <REMOVEZEROENTRIES>No</REMOVEZEROENTRIES>
              <ISPARTYLEDGER>Yes</ISPARTYLEDGER>
              <AMOUNT>411.09</AMOUNT>
            </ALLLEDGERENTRIES.LIST>
            <ALLLEDGERENTRIES.LIST>
              <LEDGERNAME>CGST @ 9%</LEDGERNAME>
              <GSTCLASS/>
              <ISDEEMEDPOSITIVE>No</ISDEEMEDPOSITIVE>
              <LEDGERFROMITEM>No</LEDGERFROMITEM>
              <REMOVEZEROENTRIES>No</REMOVEZEROENTRIES>
              <ISPARTYLEDGER>Yes</ISPARTYLEDGER>
              <AMOUNT>411.09</AMOUNT>
            </ALLLEDGERENTRIES.LIST>
          </VOUCHER>
        </VOUCHER>
        <VOUCHER>
          <VOUCHER REMOTEID="SL2147325594" VCHTYPE="Job Work" ACTION="Create">
            <DATE>20180302</DATE>
            <GUID>2147325594</GUID>
            <NARRATION>Our WO No: undefined Packing Note No: 08271/ undefined</NARRATION>
            <VOUCHERTYPENAME>Sales</VOUCHERTYPENAME>
            <VOUCHERNUMBER>SL /JS4937 / undefined</VOUCHERNUMBER>
            <REFERENCE>11-WO/2017-18/006325</REFERENCE>
            <PARTYLEDGERNAME>SOBHA LIMITED</PARTYLEDGERNAME>
            <CSTFORMISSUETYPE/>
            <CSTFORMRECVTYPE/>
            <FBTPAYMENTTYPE>Default</FBTPAYMENTTYPE>
            <VCHGSTCLASS/>
            <DIFFACTUALQTY>No</DIFFACTUALQTY>
            <AUDITED>No</AUDITED>
            <FORJOBCOSTING>No</FORJOBCOSTING>
            <ISOPTIONAL>No</ISOPTIONAL>
            <EFFECTIVEDATE>20180302</EFFECTIVEDATE>
            <USEFORINTEREST>No</USEFORINTEREST>
            <USEFORGAINLOSS>No</USEFORGAINLOSS>
            <USEFORGODOWNTRANSFER>No</USEFORGODOWNTRANSFER>
            <USEFORCOMPOUND>No</USEFORCOMPOUND>
            <ALTERID>9</ALTERID>
            <EXCISEOPENING>No</EXCISEOPENING>
            <ISCANCELLED>No</ISCANCELLED>
            <HASCASHFLOW>No</HASCASHFLOW>
            <ISPOSTDATED>No</ISPOSTDATED>
            <USETRACKINGNUMBER>No</USETRACKINGNUMBER>
            <ISINVOICE>No</ISINVOICE>
            <MFGJOURNAL>No</MFGJOURNAL>
            <HASDISCOUNTS>No</HASDISCOUNTS>
            <ASPAYSLIP>No</ASPAYSLIP>
            <ISDELETED>No</ISDELETED>
            <ASORIGINAL>No</ASORIGINAL>
            <ALLLEDGERENTRIES.LIST>
              <LEDGERNAME>SOBHA LIMITED</LEDGERNAME>
              <GSTCLASS/>
              <ISDEEMEDPOSITIVE>Yes</ISDEEMEDPOSITIVE>
              <LEDGERFROMITEM>No</LEDGERFROMITEM>
              <REMOVEZEROENTRIES>No</REMOVEZEROENTRIES>
              <ISPARTYLEDGER>Yes</ISPARTYLEDGER>
              <AMOUNT>-65615</AMOUNT>
              <BILLALLOCATIONS.LIST>
                <NAME>SL /JS4937 / undefined</NAME>
                <BILLCREDITPERIOD>NaN</BILLCREDITPERIOD>
                <BILLTYPE>New Ref</BILLTYPE>
                <AMOUNT>-65615</AMOUNT>
              </BILLALLOCATIONS.LIST>
            </ALLLEDGERENTRIES.LIST>
            <ALLLEDGERENTRIES.LIST>
              <LEDGERNAME>JOBWORK</LEDGERNAME>
              <GSTCLASS/>
              <ISDEEMEDPOSITIVE>No</ISDEEMEDPOSITIVE>
              <LEDGERFROMITEM>No</LEDGERFROMITEM>
              <REMOVEZEROENTRIES>No</REMOVEZEROENTRIES>
              <ISPARTYLEDGER>Yes</ISPARTYLEDGER>
              <AMOUNT>55606.00</AMOUNT>
            </ALLLEDGERENTRIES.LIST>
            <ALLLEDGERENTRIES.LIST>
              <LEDGERNAME>SGST @ 9%</LEDGERNAME>
              <GSTCLASS/>
              <ISDEEMEDPOSITIVE>No</ISDEEMEDPOSITIVE>
              <LEDGERFROMITEM>No</LEDGERFROMITEM>
              <REMOVEZEROENTRIES>No</REMOVEZEROENTRIES>
              <ISPARTYLEDGER>Yes</ISPARTYLEDGER>
              <AMOUNT>411.09</AMOUNT>
            </ALLLEDGERENTRIES.LIST>
            <ALLLEDGERENTRIES.LIST>
              <LEDGERNAME>CGST @ 9%</LEDGERNAME>
              <GSTCLASS/>
              <ISDEEMEDPOSITIVE>No</ISDEEMEDPOSITIVE>
              <LEDGERFROMITEM>No</LEDGERFROMITEM>
              <REMOVEZEROENTRIES>No</REMOVEZEROENTRIES>
              <ISPARTYLEDGER>Yes</ISPARTYLEDGER>
              <AMOUNT>411.09</AMOUNT>
            </ALLLEDGERENTRIES.LIST>
            <ALLLEDGERENTRIES.LIST>
              <LEDGERNAME>Round Off</LEDGERNAME>
              <GSTCLASS/>
              <ISDEEMEDPOSITIVE>Yes</ISDEEMEDPOSITIVE>
              <LEDGERFROMITEM>No</LEDGERFROMITEM>
              <REMOVEZEROENTRIES>No</REMOVEZEROENTRIES>
              <ISPARTYLEDGER>Yes</ISPARTYLEDGER>
              <AMOUNT>-0.08</AMOUNT>
            </ALLLEDGERENTRIES.LIST>
          </VOUCHER>
        </VOUCHER>
        <VOUCHER>
          <VOUCHER REMOTEID="SL2147325596" VCHTYPE="Job Work" ACTION="Create">
            <DATE>20180302</DATE>
            <GUID>2147325596</GUID>
            <NARRATION>Our WO No: undefined Packing Note No: 08272/ undefined</NARRATION>
            <VOUCHERTYPENAME>Sales</VOUCHERTYPENAME>
            <VOUCHERNUMBER>SL /JS4938 / undefined</VOUCHERNUMBER>
            <REFERENCE>11-WO/2017-18/005043 DTD/29/12/2017</REFERENCE>
            <PARTYLEDGERNAME>SOBHA LIMITED</PARTYLEDGERNAME>
            <CSTFORMISSUETYPE/>
            <CSTFORMRECVTYPE/>
            <FBTPAYMENTTYPE>Default</FBTPAYMENTTYPE>
            <VCHGSTCLASS/>
            <DIFFACTUALQTY>No</DIFFACTUALQTY>
            <AUDITED>No</AUDITED>
            <FORJOBCOSTING>No</FORJOBCOSTING>
            <ISOPTIONAL>No</ISOPTIONAL>
            <EFFECTIVEDATE>20180302</EFFECTIVEDATE>
            <USEFORINTEREST>No</USEFORINTEREST>
            <USEFORGAINLOSS>No</USEFORGAINLOSS>
            <USEFORGODOWNTRANSFER>No</USEFORGODOWNTRANSFER>
            <USEFORCOMPOUND>No</USEFORCOMPOUND>
            <ALTERID>10</ALTERID>
            <EXCISEOPENING>No</EXCISEOPENING>
            <ISCANCELLED>No</ISCANCELLED>
            <HASCASHFLOW>No</HASCASHFLOW>
            <ISPOSTDATED>No</ISPOSTDATED>
            <USETRACKINGNUMBER>No</USETRACKINGNUMBER>
            <ISINVOICE>No</ISINVOICE>
            <MFGJOURNAL>No</MFGJOURNAL>
            <HASDISCOUNTS>No</HASDISCOUNTS>
            <ASPAYSLIP>No</ASPAYSLIP>
            <ISDELETED>No</ISDELETED>
            <ASORIGINAL>No</ASORIGINAL>
            <ALLLEDGERENTRIES.LIST>
              <LEDGERNAME>SOBHA LIMITED</LEDGERNAME>
              <GSTCLASS/>
              <ISDEEMEDPOSITIVE>Yes</ISDEEMEDPOSITIVE>
              <LEDGERFROMITEM>No</LEDGERFROMITEM>
              <REMOVEZEROENTRIES>No</REMOVEZEROENTRIES>
              <ISPARTYLEDGER>Yes</ISPARTYLEDGER>
              <AMOUNT>-5316</AMOUNT>
              <BILLALLOCATIONS.LIST>
                <NAME>SL /JS4938 / undefined</NAME>
                <BILLCREDITPERIOD>NaN</BILLCREDITPERIOD>
                <BILLTYPE>New Ref</BILLTYPE>
                <AMOUNT>-5316</AMOUNT>
              </BILLALLOCATIONS.LIST>
            </ALLLEDGERENTRIES.LIST>
            <ALLLEDGERENTRIES.LIST>
              <LEDGERNAME>JOBWORK</LEDGERNAME>
              <GSTCLASS/>
              <ISDEEMEDPOSITIVE>No</ISDEEMEDPOSITIVE>
              <LEDGERFROMITEM>No</LEDGERFROMITEM>
              <REMOVEZEROENTRIES>No</REMOVEZEROENTRIES>
              <ISPARTYLEDGER>Yes</ISPARTYLEDGER>
              <AMOUNT>4505.00</AMOUNT>
            </ALLLEDGERENTRIES.LIST>
            <ALLLEDGERENTRIES.LIST>
              <LEDGERNAME>SGST @ 9%</LEDGERNAME>
              <GSTCLASS/>
              <ISDEEMEDPOSITIVE>No</ISDEEMEDPOSITIVE>
              <LEDGERFROMITEM>No</LEDGERFROMITEM>
              <REMOVEZEROENTRIES>No</REMOVEZEROENTRIES>
              <ISPARTYLEDGER>Yes</ISPARTYLEDGER>
              <AMOUNT>411.09</AMOUNT>
            </ALLLEDGERENTRIES.LIST>
            <ALLLEDGERENTRIES.LIST>
              <LEDGERNAME>CGST @ 9%</LEDGERNAME>
              <GSTCLASS/>
              <ISDEEMEDPOSITIVE>No</ISDEEMEDPOSITIVE>
              <LEDGERFROMITEM>No</LEDGERFROMITEM>
              <REMOVEZEROENTRIES>No</REMOVEZEROENTRIES>
              <ISPARTYLEDGER>Yes</ISPARTYLEDGER>
              <AMOUNT>411.09</AMOUNT>
            </ALLLEDGERENTRIES.LIST>
            <ALLLEDGERENTRIES.LIST>
              <LEDGERNAME>Round Off</LEDGERNAME>
              <GSTCLASS/>
              <ISDEEMEDPOSITIVE>Yes</ISDEEMEDPOSITIVE>
              <LEDGERFROMITEM>No</LEDGERFROMITEM>
              <REMOVEZEROENTRIES>No</REMOVEZEROENTRIES>
              <ISPARTYLEDGER>Yes</ISPARTYLEDGER>
              <AMOUNT>0.10</AMOUNT>
            </ALLLEDGERENTRIES.LIST>
          </VOUCHER>
        </VOUCHER>
        <VOUCHER>
          <VOUCHER REMOTEID="SL2147325605" VCHTYPE="Job Work" ACTION="Create">
            <DATE>20180302</DATE>
            <GUID>2147325605</GUID>
            <NARRATION>Our WO No: undefined Packing Note No: 08280/ undefined</NARRATION>
            <VOUCHERTYPENAME>Sales</VOUCHERTYPENAME>
            <VOUCHERNUMBER>SL /JS4941 / undefined</VOUCHERNUMBER>
            <REFERENCE>W.0=8831,8800,8829,8830 DT/01/03/18</REFERENCE>
            <PARTYLEDGERNAME>WILLIAMS REFRIGERATION</PARTYLEDGERNAME>
            <CSTFORMISSUETYPE/>
            <CSTFORMRECVTYPE/>
            <FBTPAYMENTTYPE>Default</FBTPAYMENTTYPE>
            <VCHGSTCLASS/>
            <DIFFACTUALQTY>No</DIFFACTUALQTY>
            <AUDITED>No</AUDITED>
            <FORJOBCOSTING>No</FORJOBCOSTING>
            <ISOPTIONAL>No</ISOPTIONAL>
            <EFFECTIVEDATE>20180302</EFFECTIVEDATE>
            <USEFORINTEREST>No</USEFORINTEREST>
            <USEFORGAINLOSS>No</USEFORGAINLOSS>
            <USEFORGODOWNTRANSFER>No</USEFORGODOWNTRANSFER>
            <USEFORCOMPOUND>No</USEFORCOMPOUND>
            <ALTERID>11</ALTERID>
            <EXCISEOPENING>No</EXCISEOPENING>
            <ISCANCELLED>No</ISCANCELLED>
            <HASCASHFLOW>No</HASCASHFLOW>
            <ISPOSTDATED>No</ISPOSTDATED>
            <USETRACKINGNUMBER>No</USETRACKINGNUMBER>
            <ISINVOICE>No</ISINVOICE>
            <MFGJOURNAL>No</MFGJOURNAL>
            <HASDISCOUNTS>No</HASDISCOUNTS>
            <ASPAYSLIP>No</ASPAYSLIP>
            <ISDELETED>No</ISDELETED>
            <ASORIGINAL>No</ASORIGINAL>
            <ALLLEDGERENTRIES.LIST>
              <LEDGERNAME>WILLIAMS REFRIGERATION</LEDGERNAME>
              <GSTCLASS/>
              <ISDEEMEDPOSITIVE>Yes</ISDEEMEDPOSITIVE>
              <LEDGERFROMITEM>No</LEDGERFROMITEM>
              <REMOVEZEROENTRIES>No</REMOVEZEROENTRIES>
              <ISPARTYLEDGER>Yes</ISPARTYLEDGER>
              <AMOUNT>-27397</AMOUNT>
              <BILLALLOCATIONS.LIST>
                <NAME>SL /JS4941 / undefined</NAME>
                <BILLCREDITPERIOD>NaN</BILLCREDITPERIOD>
                <BILLTYPE>New Ref</BILLTYPE>
                <AMOUNT>-27397</AMOUNT>
              </BILLALLOCATIONS.LIST>
            </ALLLEDGERENTRIES.LIST>
            <ALLLEDGERENTRIES.LIST>
              <LEDGERNAME>JOBWORK</LEDGERNAME>
              <GSTCLASS/>
              <ISDEEMEDPOSITIVE>No</ISDEEMEDPOSITIVE>
              <LEDGERFROMITEM>No</LEDGERFROMITEM>
              <REMOVEZEROENTRIES>No</REMOVEZEROENTRIES>
              <ISPARTYLEDGER>Yes</ISPARTYLEDGER>
              <AMOUNT>23218.00</AMOUNT>
            </ALLLEDGERENTRIES.LIST>
            <ALLLEDGERENTRIES.LIST>
              <LEDGERNAME>SGST @ 9%</LEDGERNAME>
              <GSTCLASS/>
              <ISDEEMEDPOSITIVE>No</ISDEEMEDPOSITIVE>
              <LEDGERFROMITEM>No</LEDGERFROMITEM>
              <REMOVEZEROENTRIES>No</REMOVEZEROENTRIES>
              <ISPARTYLEDGER>Yes</ISPARTYLEDGER>
              <AMOUNT>411.09</AMOUNT>
            </ALLLEDGERENTRIES.LIST>
            <ALLLEDGERENTRIES.LIST>
              <LEDGERNAME>CGST @ 9%</LEDGERNAME>
              <GSTCLASS/>
              <ISDEEMEDPOSITIVE>No</ISDEEMEDPOSITIVE>
              <LEDGERFROMITEM>No</LEDGERFROMITEM>
              <REMOVEZEROENTRIES>No</REMOVEZEROENTRIES>
              <ISPARTYLEDGER>Yes</ISPARTYLEDGER>
              <AMOUNT>411.09</AMOUNT>
            </ALLLEDGERENTRIES.LIST>
            <ALLLEDGERENTRIES.LIST>
              <LEDGERNAME>Round Off</LEDGERNAME>
              <GSTCLASS/>
              <ISDEEMEDPOSITIVE>Yes</ISDEEMEDPOSITIVE>
              <LEDGERFROMITEM>No</LEDGERFROMITEM>
              <REMOVEZEROENTRIES>No</REMOVEZEROENTRIES>
              <ISPARTYLEDGER>Yes</ISPARTYLEDGER>
              <AMOUNT>-0.24</AMOUNT>
            </ALLLEDGERENTRIES.LIST>
          </VOUCHER>
        </VOUCHER>
        <VOUCHER>
          <VOUCHER REMOTEID="SL2147325597" VCHTYPE="Job Work" ACTION="Create">
            <DATE>20180302</DATE>
            <GUID>2147325597</GUID>
            <NARRATION>Our WO No: undefined Packing Note No: 08273/ undefined</NARRATION>
            <VOUCHERTYPENAME>Sales</VOUCHERTYPENAME>
            <VOUCHERNUMBER>SL /JS4942 / undefined</VOUCHERNUMBER>
            <REFERENCE>DC NO-2668 DATE-01-03-2018</REFERENCE>
            <PARTYLEDGERNAME>DISHA RETAIL FIXTURES PVT LTD</PARTYLEDGERNAME>
            <CSTFORMISSUETYPE/>
            <CSTFORMRECVTYPE/>
            <FBTPAYMENTTYPE>Default</FBTPAYMENTTYPE>
            <VCHGSTCLASS/>
            <DIFFACTUALQTY>No</DIFFACTUALQTY>
            <AUDITED>No</AUDITED>
            <FORJOBCOSTING>No</FORJOBCOSTING>
            <ISOPTIONAL>No</ISOPTIONAL>
            <EFFECTIVEDATE>20180302</EFFECTIVEDATE>
            <USEFORINTEREST>No</USEFORINTEREST>
            <USEFORGAINLOSS>No</USEFORGAINLOSS>
            <USEFORGODOWNTRANSFER>No</USEFORGODOWNTRANSFER>
            <USEFORCOMPOUND>No</USEFORCOMPOUND>
            <ALTERID>12</ALTERID>
            <EXCISEOPENING>No</EXCISEOPENING>
            <ISCANCELLED>No</ISCANCELLED>
            <HASCASHFLOW>No</HASCASHFLOW>
            <ISPOSTDATED>No</ISPOSTDATED>
            <USETRACKINGNUMBER>No</USETRACKINGNUMBER>
            <ISINVOICE>No</ISINVOICE>
            <MFGJOURNAL>No</MFGJOURNAL>
            <HASDISCOUNTS>No</HASDISCOUNTS>
            <ASPAYSLIP>No</ASPAYSLIP>
            <ISDELETED>No</ISDELETED>
            <ASORIGINAL>No</ASORIGINAL>
            <ALLLEDGERENTRIES.LIST>
              <LEDGERNAME>DISHA RETAIL FIXTURES PVT LTD</LEDGERNAME>
              <GSTCLASS/>
              <ISDEEMEDPOSITIVE>Yes</ISDEEMEDPOSITIVE>
              <LEDGERFROMITEM>No</LEDGERFROMITEM>
              <REMOVEZEROENTRIES>No</REMOVEZEROENTRIES>
              <ISPARTYLEDGER>Yes</ISPARTYLEDGER>
              <AMOUNT>-56877</AMOUNT>
              <BILLALLOCATIONS.LIST>
                <NAME>SL /JS4942 / undefined</NAME>
                <BILLCREDITPERIOD>NaN</BILLCREDITPERIOD>
                <BILLTYPE>New Ref</BILLTYPE>
                <AMOUNT>-56877</AMOUNT>
              </BILLALLOCATIONS.LIST>
            </ALLLEDGERENTRIES.LIST>
            <ALLLEDGERENTRIES.LIST>
              <LEDGERNAME>JOBWORK</LEDGERNAME>
              <GSTCLASS/>
              <ISDEEMEDPOSITIVE>No</ISDEEMEDPOSITIVE>
              <LEDGERFROMITEM>No</LEDGERFROMITEM>
              <REMOVEZEROENTRIES>No</REMOVEZEROENTRIES>
              <ISPARTYLEDGER>Yes</ISPARTYLEDGER>
              <AMOUNT>48201.00</AMOUNT>
            </ALLLEDGERENTRIES.LIST>
            <ALLLEDGERENTRIES.LIST>
              <LEDGERNAME>SGST @ 9%</LEDGERNAME>
              <GSTCLASS/>
              <ISDEEMEDPOSITIVE>No</ISDEEMEDPOSITIVE>
              <LEDGERFROMITEM>No</LEDGERFROMITEM>
              <REMOVEZEROENTRIES>No</REMOVEZEROENTRIES>
              <ISPARTYLEDGER>Yes</ISPARTYLEDGER>
              <AMOUNT>411.09</AMOUNT>
            </ALLLEDGERENTRIES.LIST>
            <ALLLEDGERENTRIES.LIST>
              <LEDGERNAME>CGST @ 9%</LEDGERNAME>
              <GSTCLASS/>
              <ISDEEMEDPOSITIVE>No</ISDEEMEDPOSITIVE>
              <LEDGERFROMITEM>No</LEDGERFROMITEM>
              <REMOVEZEROENTRIES>No</REMOVEZEROENTRIES>
              <ISPARTYLEDGER>Yes</ISPARTYLEDGER>
              <AMOUNT>411.09</AMOUNT>
            </ALLLEDGERENTRIES.LIST>
            <ALLLEDGERENTRIES.LIST>
              <LEDGERNAME>Round Off</LEDGERNAME>
              <GSTCLASS/>
              <ISDEEMEDPOSITIVE>Yes</ISDEEMEDPOSITIVE>
              <LEDGERFROMITEM>No</LEDGERFROMITEM>
              <REMOVEZEROENTRIES>No</REMOVEZEROENTRIES>
              <ISPARTYLEDGER>Yes</ISPARTYLEDGER>
              <AMOUNT>-0.18</AMOUNT>
            </ALLLEDGERENTRIES.LIST>
          </VOUCHER>
        </VOUCHER>
        <VOUCHER>
          <VOUCHER REMOTEID="SL2147325598" VCHTYPE="Job Work" ACTION="Create">
            <DATE>20180302</DATE>
            <GUID>2147325598</GUID>
            <NARRATION>Our WO No: undefined Packing Note No: 08274/ undefined</NARRATION>
            <VOUCHERTYPENAME>Sales</VOUCHERTYPENAME>
            <VOUCHERNUMBER>SL /JS4943 / undefined</VOUCHERNUMBER>
            <REFERENCE>DC NO-2670 DATE-01-03-2018</REFERENCE>
            <PARTYLEDGERNAME>DISHA RETAIL FIXTURES PVT LTD</PARTYLEDGERNAME>
            <CSTFORMISSUETYPE/>
            <CSTFORMRECVTYPE/>
            <FBTPAYMENTTYPE>Default</FBTPAYMENTTYPE>
            <VCHGSTCLASS/>
            <DIFFACTUALQTY>No</DIFFACTUALQTY>
            <AUDITED>No</AUDITED>
            <FORJOBCOSTING>No</FORJOBCOSTING>
            <ISOPTIONAL>No</ISOPTIONAL>
            <EFFECTIVEDATE>20180302</EFFECTIVEDATE>
            <USEFORINTEREST>No</USEFORINTEREST>
            <USEFORGAINLOSS>No</USEFORGAINLOSS>
            <USEFORGODOWNTRANSFER>No</USEFORGODOWNTRANSFER>
            <USEFORCOMPOUND>No</USEFORCOMPOUND>
            <ALTERID>13</ALTERID>
            <EXCISEOPENING>No</EXCISEOPENING>
            <ISCANCELLED>No</ISCANCELLED>
            <HASCASHFLOW>No</HASCASHFLOW>
            <ISPOSTDATED>No</ISPOSTDATED>
            <USETRACKINGNUMBER>No</USETRACKINGNUMBER>
            <ISINVOICE>No</ISINVOICE>
            <MFGJOURNAL>No</MFGJOURNAL>
            <HASDISCOUNTS>No</HASDISCOUNTS>
            <ASPAYSLIP>No</ASPAYSLIP>
            <ISDELETED>No</ISDELETED>
            <ASORIGINAL>No</ASORIGINAL>
            <ALLLEDGERENTRIES.LIST>
              <LEDGERNAME>DISHA RETAIL FIXTURES PVT LTD</LEDGERNAME>
              <GSTCLASS/>
              <ISDEEMEDPOSITIVE>Yes</ISDEEMEDPOSITIVE>
              <LEDGERFROMITEM>No</LEDGERFROMITEM>
              <REMOVEZEROENTRIES>No</REMOVEZEROENTRIES>
              <ISPARTYLEDGER>Yes</ISPARTYLEDGER>
              <AMOUNT>-295</AMOUNT>
              <BILLALLOCATIONS.LIST>
                <NAME>SL /JS4943 / undefined</NAME>
                <BILLCREDITPERIOD>NaN</BILLCREDITPERIOD>
                <BILLTYPE>New Ref</BILLTYPE>
                <AMOUNT>-295</AMOUNT>
              </BILLALLOCATIONS.LIST>
            </ALLLEDGERENTRIES.LIST>
            <ALLLEDGERENTRIES.LIST>
              <LEDGERNAME>JOBWORK</LEDGERNAME>
              <GSTCLASS/>
              <ISDEEMEDPOSITIVE>No</ISDEEMEDPOSITIVE>
              <LEDGERFROMITEM>No</LEDGERFROMITEM>
              <REMOVEZEROENTRIES>No</REMOVEZEROENTRIES>
              <ISPARTYLEDGER>Yes</ISPARTYLEDGER>
              <AMOUNT>250.00</AMOUNT>
            </ALLLEDGERENTRIES.LIST>
            <ALLLEDGERENTRIES.LIST>
              <LEDGERNAME>SGST @ 9%</LEDGERNAME>
              <GSTCLASS/>
              <ISDEEMEDPOSITIVE>No</ISDEEMEDPOSITIVE>
              <LEDGERFROMITEM>No</LEDGERFROMITEM>
              <REMOVEZEROENTRIES>No</REMOVEZEROENTRIES>
              <ISPARTYLEDGER>Yes</ISPARTYLEDGER>
              <AMOUNT>411.09</AMOUNT>
            </ALLLEDGERENTRIES.LIST>
            <ALLLEDGERENTRIES.LIST>
              <LEDGERNAME>CGST @ 9%</LEDGERNAME>
              <GSTCLASS/>
              <ISDEEMEDPOSITIVE>No</ISDEEMEDPOSITIVE>
              <LEDGERFROMITEM>No</LEDGERFROMITEM>
              <REMOVEZEROENTRIES>No</REMOVEZEROENTRIES>
              <ISPARTYLEDGER>Yes</ISPARTYLEDGER>
              <AMOUNT>411.09</AMOUNT>
            </ALLLEDGERENTRIES.LIST>
          </VOUCHER>
        </VOUCHER>
        <VOUCHER>
          <VOUCHER REMOTEID="SL2147325599" VCHTYPE="Job Work" ACTION="Create">
            <DATE>20180302</DATE>
            <GUID>2147325599</GUID>
            <NARRATION>Our WO No: undefined Packing Note No: 08275/ undefined</NARRATION>
            <VOUCHERTYPENAME>Sales</VOUCHERTYPENAME>
            <VOUCHERNUMBER>SL /JS4944 / undefined</VOUCHERNUMBER>
            <REFERENCE>DC NO-2666 DATE-28-02-2018</REFERENCE>
            <PARTYLEDGERNAME>DISHA RETAIL FIXTURES PVT LTD</PARTYLEDGERNAME>
            <CSTFORMISSUETYPE/>
            <CSTFORMRECVTYPE/>
            <FBTPAYMENTTYPE>Default</FBTPAYMENTTYPE>
            <VCHGSTCLASS/>
            <DIFFACTUALQTY>No</DIFFACTUALQTY>
            <AUDITED>No</AUDITED>
            <FORJOBCOSTING>No</FORJOBCOSTING>
            <ISOPTIONAL>No</ISOPTIONAL>
            <EFFECTIVEDATE>20180302</EFFECTIVEDATE>
            <USEFORINTEREST>No</USEFORINTEREST>
            <USEFORGAINLOSS>No</USEFORGAINLOSS>
            <USEFORGODOWNTRANSFER>No</USEFORGODOWNTRANSFER>
            <USEFORCOMPOUND>No</USEFORCOMPOUND>
            <ALTERID>14</ALTERID>
            <EXCISEOPENING>No</EXCISEOPENING>
            <ISCANCELLED>No</ISCANCELLED>
            <HASCASHFLOW>No</HASCASHFLOW>
            <ISPOSTDATED>No</ISPOSTDATED>
            <USETRACKINGNUMBER>No</USETRACKINGNUMBER>
            <ISINVOICE>No</ISINVOICE>
            <MFGJOURNAL>No</MFGJOURNAL>
            <HASDISCOUNTS>No</HASDISCOUNTS>
            <ASPAYSLIP>No</ASPAYSLIP>
            <ISDELETED>No</ISDELETED>
            <ASORIGINAL>No</ASORIGINAL>
            <ALLLEDGERENTRIES.LIST>
              <LEDGERNAME>DISHA RETAIL FIXTURES PVT LTD</LEDGERNAME>
              <GSTCLASS/>
              <ISDEEMEDPOSITIVE>Yes</ISDEEMEDPOSITIVE>
              <LEDGERFROMITEM>No</LEDGERFROMITEM>
              <REMOVEZEROENTRIES>No</REMOVEZEROENTRIES>
              <ISPARTYLEDGER>Yes</ISPARTYLEDGER>
              <AMOUNT>-9975</AMOUNT>
              <BILLALLOCATIONS.LIST>
                <NAME>SL /JS4944 / undefined</NAME>
                <BILLCREDITPERIOD>NaN</BILLCREDITPERIOD>
                <BILLTYPE>New Ref</BILLTYPE>
                <AMOUNT>-9975</AMOUNT>
              </BILLALLOCATIONS.LIST>
            </ALLLEDGERENTRIES.LIST>
            <ALLLEDGERENTRIES.LIST>
              <LEDGERNAME>JOBWORK</LEDGERNAME>
              <GSTCLASS/>
              <ISDEEMEDPOSITIVE>No</ISDEEMEDPOSITIVE>
              <LEDGERFROMITEM>No</LEDGERFROMITEM>
              <REMOVEZEROENTRIES>No</REMOVEZEROENTRIES>
              <ISPARTYLEDGER>Yes</ISPARTYLEDGER>
              <AMOUNT>8453.70</AMOUNT>
            </ALLLEDGERENTRIES.LIST>
            <ALLLEDGERENTRIES.LIST>
              <LEDGERNAME>SGST @ 9%</LEDGERNAME>
              <GSTCLASS/>
              <ISDEEMEDPOSITIVE>No</ISDEEMEDPOSITIVE>
              <LEDGERFROMITEM>No</LEDGERFROMITEM>
              <REMOVEZEROENTRIES>No</REMOVEZEROENTRIES>
              <ISPARTYLEDGER>Yes</ISPARTYLEDGER>
              <AMOUNT>411.09</AMOUNT>
            </ALLLEDGERENTRIES.LIST>
            <ALLLEDGERENTRIES.LIST>
              <LEDGERNAME>CGST @ 9%</LEDGERNAME>
              <GSTCLASS/>
              <ISDEEMEDPOSITIVE>No</ISDEEMEDPOSITIVE>
              <LEDGERFROMITEM>No</LEDGERFROMITEM>
              <REMOVEZEROENTRIES>No</REMOVEZEROENTRIES>
              <ISPARTYLEDGER>Yes</ISPARTYLEDGER>
              <AMOUNT>411.09</AMOUNT>
            </ALLLEDGERENTRIES.LIST>
            <ALLLEDGERENTRIES.LIST>
              <LEDGERNAME>Round Off</LEDGERNAME>
              <GSTCLASS/>
              <ISDEEMEDPOSITIVE>Yes</ISDEEMEDPOSITIVE>
              <LEDGERFROMITEM>No</LEDGERFROMITEM>
              <REMOVEZEROENTRIES>No</REMOVEZEROENTRIES>
              <ISPARTYLEDGER>Yes</ISPARTYLEDGER>
              <AMOUNT>-0.36</AMOUNT>
            </ALLLEDGERENTRIES.LIST>
          </VOUCHER>
        </VOUCHER>
        <VOUCHER>
          <VOUCHER REMOTEID="SL2147325600" VCHTYPE="Job Work" ACTION="Create">
            <DATE>20180302</DATE>
            <GUID>2147325600</GUID>
            <NARRATION>Our WO No: undefined Packing Note No: 08276/ undefined</NARRATION>
            <VOUCHERTYPENAME>Sales</VOUCHERTYPENAME>
            <VOUCHERNUMBER>SL /JS4946 / undefined</VOUCHERNUMBER>
            <REFERENCE>DC NO-2658 DATE-28-02-2018</REFERENCE>
            <PARTYLEDGERNAME>DISHA RETAIL FIXTURES PVT LTD</PARTYLEDGERNAME>
            <CSTFORMISSUETYPE/>
            <CSTFORMRECVTYPE/>
            <FBTPAYMENTTYPE>Default</FBTPAYMENTTYPE>
            <VCHGSTCLASS/>
            <DIFFACTUALQTY>No</DIFFACTUALQTY>
            <AUDITED>No</AUDITED>
            <FORJOBCOSTING>No</FORJOBCOSTING>
            <ISOPTIONAL>No</ISOPTIONAL>
            <EFFECTIVEDATE>20180302</EFFECTIVEDATE>
            <USEFORINTEREST>No</USEFORINTEREST>
            <USEFORGAINLOSS>No</USEFORGAINLOSS>
            <USEFORGODOWNTRANSFER>No</USEFORGODOWNTRANSFER>
            <USEFORCOMPOUND>No</USEFORCOMPOUND>
            <ALTERID>15</ALTERID>
            <EXCISEOPENING>No</EXCISEOPENING>
            <ISCANCELLED>No</ISCANCELLED>
            <HASCASHFLOW>No</HASCASHFLOW>
            <ISPOSTDATED>No</ISPOSTDATED>
            <USETRACKINGNUMBER>No</USETRACKINGNUMBER>
            <ISINVOICE>No</ISINVOICE>
            <MFGJOURNAL>No</MFGJOURNAL>
            <HASDISCOUNTS>No</HASDISCOUNTS>
            <ASPAYSLIP>No</ASPAYSLIP>
            <ISDELETED>No</ISDELETED>
            <ASORIGINAL>No</ASORIGINAL>
            <ALLLEDGERENTRIES.LIST>
              <LEDGERNAME>DISHA RETAIL FIXTURES PVT LTD</LEDGERNAME>
              <GSTCLASS/>
              <ISDEEMEDPOSITIVE>Yes</ISDEEMEDPOSITIVE>
              <LEDGERFROMITEM>No</LEDGERFROMITEM>
              <REMOVEZEROENTRIES>No</REMOVEZEROENTRIES>
              <ISPARTYLEDGER>Yes</ISPARTYLEDGER>
              <AMOUNT>-16521</AMOUNT>
              <BILLALLOCATIONS.LIST>
                <NAME>SL /JS4946 / undefined</NAME>
                <BILLCREDITPERIOD>NaN</BILLCREDITPERIOD>
                <BILLTYPE>New Ref</BILLTYPE>
                <AMOUNT>-16521</AMOUNT>
              </BILLALLOCATIONS.LIST>
            </ALLLEDGERENTRIES.LIST>
            <ALLLEDGERENTRIES.LIST>
              <LEDGERNAME>JOBWORK</LEDGERNAME>
              <GSTCLASS/>
              <ISDEEMEDPOSITIVE>No</ISDEEMEDPOSITIVE>
              <LEDGERFROMITEM>No</LEDGERFROMITEM>
              <REMOVEZEROENTRIES>No</REMOVEZEROENTRIES>
              <ISPARTYLEDGER>Yes</ISPARTYLEDGER>
              <AMOUNT>14000.76</AMOUNT>
            </ALLLEDGERENTRIES.LIST>
            <ALLLEDGERENTRIES.LIST>
              <LEDGERNAME>SGST @ 9%</LEDGERNAME>
              <GSTCLASS/>
              <ISDEEMEDPOSITIVE>No</ISDEEMEDPOSITIVE>
              <LEDGERFROMITEM>No</LEDGERFROMITEM>
              <REMOVEZEROENTRIES>No</REMOVEZEROENTRIES>
              <ISPARTYLEDGER>Yes</ISPARTYLEDGER>
              <AMOUNT>411.09</AMOUNT>
            </ALLLEDGERENTRIES.LIST>
            <ALLLEDGERENTRIES.LIST>
              <LEDGERNAME>CGST @ 9%</LEDGERNAME>
              <GSTCLASS/>
              <ISDEEMEDPOSITIVE>No</ISDEEMEDPOSITIVE>
              <LEDGERFROMITEM>No</LEDGERFROMITEM>
              <REMOVEZEROENTRIES>No</REMOVEZEROENTRIES>
              <ISPARTYLEDGER>Yes</ISPARTYLEDGER>
              <AMOUNT>411.09</AMOUNT>
            </ALLLEDGERENTRIES.LIST>
            <ALLLEDGERENTRIES.LIST>
              <LEDGERNAME>Round Off</LEDGERNAME>
              <GSTCLASS/>
              <ISDEEMEDPOSITIVE>Yes</ISDEEMEDPOSITIVE>
              <LEDGERFROMITEM>No</LEDGERFROMITEM>
              <REMOVEZEROENTRIES>No</REMOVEZEROENTRIES>
              <ISPARTYLEDGER>Yes</ISPARTYLEDGER>
              <AMOUNT>0.10</AMOUNT>
            </ALLLEDGERENTRIES.LIST>
          </VOUCHER>
        </VOUCHER>
        <VOUCHER>
          <VOUCHER REMOTEID="SL2147325617" VCHTYPE="Job Work" ACTION="Create">
            <DATE>20180302</DATE>
            <GUID>2147325617</GUID>
            <NARRATION>Our WO No: undefined Packing Note No: 08287/ undefined</NARRATION>
            <VOUCHERTYPENAME>Sales</VOUCHERTYPENAME>
            <VOUCHERNUMBER>SL /JS4948 / undefined</VOUCHERNUMBER>
            <REFERENCE>PRK-FAB-2017-18/133 DATE-01-03-2018</REFERENCE>
            <PARTYLEDGERNAME>PRK FABRICATORS PVT LTD</PARTYLEDGERNAME>
            <CSTFORMISSUETYPE/>
            <CSTFORMRECVTYPE/>
            <FBTPAYMENTTYPE>Default</FBTPAYMENTTYPE>
            <VCHGSTCLASS/>
            <DIFFACTUALQTY>No</DIFFACTUALQTY>
            <AUDITED>No</AUDITED>
            <FORJOBCOSTING>No</FORJOBCOSTING>
            <ISOPTIONAL>No</ISOPTIONAL>
            <EFFECTIVEDATE>20180302</EFFECTIVEDATE>
            <USEFORINTEREST>No</USEFORINTEREST>
            <USEFORGAINLOSS>No</USEFORGAINLOSS>
            <USEFORGODOWNTRANSFER>No</USEFORGODOWNTRANSFER>
            <USEFORCOMPOUND>No</USEFORCOMPOUND>
            <ALTERID>16</ALTERID>
            <EXCISEOPENING>No</EXCISEOPENING>
            <ISCANCELLED>No</ISCANCELLED>
            <HASCASHFLOW>No</HASCASHFLOW>
            <ISPOSTDATED>No</ISPOSTDATED>
            <USETRACKINGNUMBER>No</USETRACKINGNUMBER>
            <ISINVOICE>No</ISINVOICE>
            <MFGJOURNAL>No</MFGJOURNAL>
            <HASDISCOUNTS>No</HASDISCOUNTS>
            <ASPAYSLIP>No</ASPAYSLIP>
            <ISDELETED>No</ISDELETED>
            <ASORIGINAL>No</ASORIGINAL>
            <ALLLEDGERENTRIES.LIST>
              <LEDGERNAME>PRK FABRICATORS PVT LTD</LEDGERNAME>
              <GSTCLASS/>
              <ISDEEMEDPOSITIVE>Yes</ISDEEMEDPOSITIVE>
              <LEDGERFROMITEM>No</LEDGERFROMITEM>
              <REMOVEZEROENTRIES>No</REMOVEZEROENTRIES>
              <ISPARTYLEDGER>Yes</ISPARTYLEDGER>
              <AMOUNT>-8549</AMOUNT>
              <BILLALLOCATIONS.LIST>
                <NAME>SL /JS4948 / undefined</NAME>
                <BILLCREDITPERIOD>NaN</BILLCREDITPERIOD>
                <BILLTYPE>New Ref</BILLTYPE>
                <AMOUNT>-8549</AMOUNT>
              </BILLALLOCATIONS.LIST>
            </ALLLEDGERENTRIES.LIST>
            <ALLLEDGERENTRIES.LIST>
              <LEDGERNAME>JOBWORK</LEDGERNAME>
              <GSTCLASS/>
              <ISDEEMEDPOSITIVE>No</ISDEEMEDPOSITIVE>
              <LEDGERFROMITEM>No</LEDGERFROMITEM>
              <REMOVEZEROENTRIES>No</REMOVEZEROENTRIES>
              <ISPARTYLEDGER>Yes</ISPARTYLEDGER>
              <AMOUNT>7245.00</AMOUNT>
            </ALLLEDGERENTRIES.LIST>
            <ALLLEDGERENTRIES.LIST>
              <LEDGERNAME>SGST @ 9%</LEDGERNAME>
              <GSTCLASS/>
              <ISDEEMEDPOSITIVE>No</ISDEEMEDPOSITIVE>
              <LEDGERFROMITEM>No</LEDGERFROMITEM>
              <REMOVEZEROENTRIES>No</REMOVEZEROENTRIES>
              <ISPARTYLEDGER>Yes</ISPARTYLEDGER>
              <AMOUNT>411.09</AMOUNT>
            </ALLLEDGERENTRIES.LIST>
            <ALLLEDGERENTRIES.LIST>
              <LEDGERNAME>CGST @ 9%</LEDGERNAME>
              <GSTCLASS/>
              <ISDEEMEDPOSITIVE>No</ISDEEMEDPOSITIVE>
              <LEDGERFROMITEM>No</LEDGERFROMITEM>
              <REMOVEZEROENTRIES>No</REMOVEZEROENTRIES>
              <ISPARTYLEDGER>Yes</ISPARTYLEDGER>
              <AMOUNT>411.09</AMOUNT>
            </ALLLEDGERENTRIES.LIST>
            <ALLLEDGERENTRIES.LIST>
              <LEDGERNAME>Round Off</LEDGERNAME>
              <GSTCLASS/>
              <ISDEEMEDPOSITIVE>Yes</ISDEEMEDPOSITIVE>
              <LEDGERFROMITEM>No</LEDGERFROMITEM>
              <REMOVEZEROENTRIES>No</REMOVEZEROENTRIES>
              <ISPARTYLEDGER>Yes</ISPARTYLEDGER>
              <AMOUNT>-0.10</AMOUNT>
            </ALLLEDGERENTRIES.LIST>
          </VOUCHER>
        </VOUCHER>
        <VOUCHER>
          <VOUCHER REMOTEID="SL2147325613" VCHTYPE="Job Work" ACTION="Create">
            <DATE>20180302</DATE>
            <GUID>2147325613</GUID>
            <NARRATION>Our WO No: undefined Packing Note No: 08288/ undefined</NARRATION>
            <VOUCHERTYPENAME>Sales</VOUCHERTYPENAME>
            <VOUCHERNUMBER>SL /JS4949 / undefined</VOUCHERNUMBER>
            <REFERENCE>617 DATE-26/02/2017</REFERENCE>
            <PARTYLEDGERNAME>J.S.METAL STORAGE SYSTEMS</PARTYLEDGERNAME>
            <CSTFORMISSUETYPE/>
            <CSTFORMRECVTYPE/>
            <FBTPAYMENTTYPE>Default</FBTPAYMENTTYPE>
            <VCHGSTCLASS/>
            <DIFFACTUALQTY>No</DIFFACTUALQTY>
            <AUDITED>No</AUDITED>
            <FORJOBCOSTING>No</FORJOBCOSTING>
            <ISOPTIONAL>No</ISOPTIONAL>
            <EFFECTIVEDATE>20180302</EFFECTIVEDATE>
            <USEFORINTEREST>No</USEFORINTEREST>
            <USEFORGAINLOSS>No</USEFORGAINLOSS>
            <USEFORGODOWNTRANSFER>No</USEFORGODOWNTRANSFER>
            <USEFORCOMPOUND>No</USEFORCOMPOUND>
            <ALTERID>17</ALTERID>
            <EXCISEOPENING>No</EXCISEOPENING>
            <ISCANCELLED>No</ISCANCELLED>
            <HASCASHFLOW>No</HASCASHFLOW>
            <ISPOSTDATED>No</ISPOSTDATED>
            <USETRACKINGNUMBER>No</USETRACKINGNUMBER>
            <ISINVOICE>No</ISINVOICE>
            <MFGJOURNAL>No</MFGJOURNAL>
            <HASDISCOUNTS>No</HASDISCOUNTS>
            <ASPAYSLIP>No</ASPAYSLIP>
            <ISDELETED>No</ISDELETED>
            <ASORIGINAL>No</ASORIGINAL>
            <ALLLEDGERENTRIES.LIST>
              <LEDGERNAME>J.S.METAL STORAGE SYSTEMS</LEDGERNAME>
              <GSTCLASS/>
              <ISDEEMEDPOSITIVE>Yes</ISDEEMEDPOSITIVE>
              <LEDGERFROMITEM>No</LEDGERFROMITEM>
              <REMOVEZEROENTRIES>No</REMOVEZEROENTRIES>
              <ISPARTYLEDGER>Yes</ISPARTYLEDGER>
              <AMOUNT>-1009</AMOUNT>
              <BILLALLOCATIONS.LIST>
                <NAME>SL /JS4949 / undefined</NAME>
                <BILLCREDITPERIOD>NaN</BILLCREDITPERIOD>
                <BILLTYPE>New Ref</BILLTYPE>
                <AMOUNT>-1009</AMOUNT>
              </BILLALLOCATIONS.LIST>
            </ALLLEDGERENTRIES.LIST>
            <ALLLEDGERENTRIES.LIST>
              <LEDGERNAME>JOBWORK</LEDGERNAME>
              <GSTCLASS/>
              <ISDEEMEDPOSITIVE>No</ISDEEMEDPOSITIVE>
              <LEDGERFROMITEM>No</LEDGERFROMITEM>
              <REMOVEZEROENTRIES>No</REMOVEZEROENTRIES>
              <ISPARTYLEDGER>Yes</ISPARTYLEDGER>
              <AMOUNT>855.00</AMOUNT>
            </ALLLEDGERENTRIES.LIST>
            <ALLLEDGERENTRIES.LIST>
              <LEDGERNAME>SGST @ 9%</LEDGERNAME>
              <GSTCLASS/>
              <ISDEEMEDPOSITIVE>No</ISDEEMEDPOSITIVE>
              <LEDGERFROMITEM>No</LEDGERFROMITEM>
              <REMOVEZEROENTRIES>No</REMOVEZEROENTRIES>
              <ISPARTYLEDGER>Yes</ISPARTYLEDGER>
              <AMOUNT>411.09</AMOUNT>
            </ALLLEDGERENTRIES.LIST>
            <ALLLEDGERENTRIES.LIST>
              <LEDGERNAME>CGST @ 9%</LEDGERNAME>
              <GSTCLASS/>
              <ISDEEMEDPOSITIVE>No</ISDEEMEDPOSITIVE>
              <LEDGERFROMITEM>No</LEDGERFROMITEM>
              <REMOVEZEROENTRIES>No</REMOVEZEROENTRIES>
              <ISPARTYLEDGER>Yes</ISPARTYLEDGER>
              <AMOUNT>411.09</AMOUNT>
            </ALLLEDGERENTRIES.LIST>
            <ALLLEDGERENTRIES.LIST>
              <LEDGERNAME>Round Off</LEDGERNAME>
              <GSTCLASS/>
              <ISDEEMEDPOSITIVE>Yes</ISDEEMEDPOSITIVE>
              <LEDGERFROMITEM>No</LEDGERFROMITEM>
              <REMOVEZEROENTRIES>No</REMOVEZEROENTRIES>
              <ISPARTYLEDGER>Yes</ISPARTYLEDGER>
              <AMOUNT>0.10</AMOUNT>
            </ALLLEDGERENTRIES.LIST>
          </VOUCHER>
        </VOUCHER>
        <VOUCHER>
          <VOUCHER REMOTEID="SL2147325618" VCHTYPE="Job Work" ACTION="Create">
            <DATE>20180302</DATE>
            <GUID>2147325618</GUID>
            <NARRATION>Our WO No: undefined Packing Note No: 08289/ undefined</NARRATION>
            <VOUCHERTYPENAME>Sales</VOUCHERTYPENAME>
            <VOUCHERNUMBER>SL /JS4950 / undefined</VOUCHERNUMBER>
            <REFERENCE>617 DATE-26/02/2017</REFERENCE>
            <PARTYLEDGERNAME>J.S.METAL STORAGE SYSTEMS</PARTYLEDGERNAME>
            <CSTFORMISSUETYPE/>
            <CSTFORMRECVTYPE/>
            <FBTPAYMENTTYPE>Default</FBTPAYMENTTYPE>
            <VCHGSTCLASS/>
            <DIFFACTUALQTY>No</DIFFACTUALQTY>
            <AUDITED>No</AUDITED>
            <FORJOBCOSTING>No</FORJOBCOSTING>
            <ISOPTIONAL>No</ISOPTIONAL>
            <EFFECTIVEDATE>20180302</EFFECTIVEDATE>
            <USEFORINTEREST>No</USEFORINTEREST>
            <USEFORGAINLOSS>No</USEFORGAINLOSS>
            <USEFORGODOWNTRANSFER>No</USEFORGODOWNTRANSFER>
            <USEFORCOMPOUND>No</USEFORCOMPOUND>
            <ALTERID>18</ALTERID>
            <EXCISEOPENING>No</EXCISEOPENING>
            <ISCANCELLED>No</ISCANCELLED>
            <HASCASHFLOW>No</HASCASHFLOW>
            <ISPOSTDATED>No</ISPOSTDATED>
            <USETRACKINGNUMBER>No</USETRACKINGNUMBER>
            <ISINVOICE>No</ISINVOICE>
            <MFGJOURNAL>No</MFGJOURNAL>
            <HASDISCOUNTS>No</HASDISCOUNTS>
            <ASPAYSLIP>No</ASPAYSLIP>
            <ISDELETED>No</ISDELETED>
            <ASORIGINAL>No</ASORIGINAL>
            <ALLLEDGERENTRIES.LIST>
              <LEDGERNAME>J.S.METAL STORAGE SYSTEMS</LEDGERNAME>
              <GSTCLASS/>
              <ISDEEMEDPOSITIVE>Yes</ISDEEMEDPOSITIVE>
              <LEDGERFROMITEM>No</LEDGERFROMITEM>
              <REMOVEZEROENTRIES>No</REMOVEZEROENTRIES>
              <ISPARTYLEDGER>Yes</ISPARTYLEDGER>
              <AMOUNT>-3221</AMOUNT>
              <BILLALLOCATIONS.LIST>
                <NAME>SL /JS4950 / undefined</NAME>
                <BILLCREDITPERIOD>NaN</BILLCREDITPERIOD>
                <BILLTYPE>New Ref</BILLTYPE>
                <AMOUNT>-3221</AMOUNT>
              </BILLALLOCATIONS.LIST>
            </ALLLEDGERENTRIES.LIST>
            <ALLLEDGERENTRIES.LIST>
              <LEDGERNAME>JOBWORK</LEDGERNAME>
              <GSTCLASS/>
              <ISDEEMEDPOSITIVE>No</ISDEEMEDPOSITIVE>
              <LEDGERFROMITEM>No</LEDGERFROMITEM>
              <REMOVEZEROENTRIES>No</REMOVEZEROENTRIES>
              <ISPARTYLEDGER>Yes</ISPARTYLEDGER>
              <AMOUNT>2730.00</AMOUNT>
            </ALLLEDGERENTRIES.LIST>
            <ALLLEDGERENTRIES.LIST>
              <LEDGERNAME>SGST @ 9%</LEDGERNAME>
              <GSTCLASS/>
              <ISDEEMEDPOSITIVE>No</ISDEEMEDPOSITIVE>
              <LEDGERFROMITEM>No</LEDGERFROMITEM>
              <REMOVEZEROENTRIES>No</REMOVEZEROENTRIES>
              <ISPARTYLEDGER>Yes</ISPARTYLEDGER>
              <AMOUNT>411.09</AMOUNT>
            </ALLLEDGERENTRIES.LIST>
            <ALLLEDGERENTRIES.LIST>
              <LEDGERNAME>CGST @ 9%</LEDGERNAME>
              <GSTCLASS/>
              <ISDEEMEDPOSITIVE>No</ISDEEMEDPOSITIVE>
              <LEDGERFROMITEM>No</LEDGERFROMITEM>
              <REMOVEZEROENTRIES>No</REMOVEZEROENTRIES>
              <ISPARTYLEDGER>Yes</ISPARTYLEDGER>
              <AMOUNT>411.09</AMOUNT>
            </ALLLEDGERENTRIES.LIST>
            <ALLLEDGERENTRIES.LIST>
              <LEDGERNAME>Round Off</LEDGERNAME>
              <GSTCLASS/>
              <ISDEEMEDPOSITIVE>Yes</ISDEEMEDPOSITIVE>
              <LEDGERFROMITEM>No</LEDGERFROMITEM>
              <REMOVEZEROENTRIES>No</REMOVEZEROENTRIES>
              <ISPARTYLEDGER>Yes</ISPARTYLEDGER>
              <AMOUNT>-0.40</AMOUNT>
            </ALLLEDGERENTRIES.LIST>
          </VOUCHER>
        </VOUCHER>
        <VOUCHER>
          <VOUCHER REMOTEID="SL2147325619" VCHTYPE="Job Work" ACTION="Create">
            <DATE>20180302</DATE>
            <GUID>2147325619</GUID>
            <NARRATION>Our WO No: undefined Packing Note No: 08290/ undefined</NARRATION>
            <VOUCHERTYPENAME>Sales</VOUCHERTYPENAME>
            <VOUCHERNUMBER>SL /JS4951 / undefined</VOUCHERNUMBER>
            <REFERENCE>DC NO-2668 DATE-01-03-2018</REFERENCE>
            <PARTYLEDGERNAME>DISHA RETAIL FIXTURES PVT LTD</PARTYLEDGERNAME>
            <CSTFORMISSUETYPE/>
            <CSTFORMRECVTYPE/>
            <FBTPAYMENTTYPE>Default</FBTPAYMENTTYPE>
            <VCHGSTCLASS/>
            <DIFFACTUALQTY>No</DIFFACTUALQTY>
            <AUDITED>No</AUDITED>
            <FORJOBCOSTING>No</FORJOBCOSTING>
            <ISOPTIONAL>No</ISOPTIONAL>
            <EFFECTIVEDATE>20180302</EFFECTIVEDATE>
            <USEFORINTEREST>No</USEFORINTEREST>
            <USEFORGAINLOSS>No</USEFORGAINLOSS>
            <USEFORGODOWNTRANSFER>No</USEFORGODOWNTRANSFER>
            <USEFORCOMPOUND>No</USEFORCOMPOUND>
            <ALTERID>19</ALTERID>
            <EXCISEOPENING>No</EXCISEOPENING>
            <ISCANCELLED>No</ISCANCELLED>
            <HASCASHFLOW>No</HASCASHFLOW>
            <ISPOSTDATED>No</ISPOSTDATED>
            <USETRACKINGNUMBER>No</USETRACKINGNUMBER>
            <ISINVOICE>No</ISINVOICE>
            <MFGJOURNAL>No</MFGJOURNAL>
            <HASDISCOUNTS>No</HASDISCOUNTS>
            <ASPAYSLIP>No</ASPAYSLIP>
            <ISDELETED>No</ISDELETED>
            <ASORIGINAL>No</ASORIGINAL>
            <ALLLEDGERENTRIES.LIST>
              <LEDGERNAME>DISHA RETAIL FIXTURES PVT LTD</LEDGERNAME>
              <GSTCLASS/>
              <ISDEEMEDPOSITIVE>Yes</ISDEEMEDPOSITIVE>
              <LEDGERFROMITEM>No</LEDGERFROMITEM>
              <REMOVEZEROENTRIES>No</REMOVEZEROENTRIES>
              <ISPARTYLEDGER>Yes</ISPARTYLEDGER>
              <AMOUNT>-408</AMOUNT>
              <BILLALLOCATIONS.LIST>
                <NAME>SL /JS4951 / undefined</NAME>
                <BILLCREDITPERIOD>NaN</BILLCREDITPERIOD>
                <BILLTYPE>New Ref</BILLTYPE>
                <AMOUNT>-408</AMOUNT>
              </BILLALLOCATIONS.LIST>
            </ALLLEDGERENTRIES.LIST>
            <ALLLEDGERENTRIES.LIST>
              <LEDGERNAME>JOBWORK</LEDGERNAME>
              <GSTCLASS/>
              <ISDEEMEDPOSITIVE>No</ISDEEMEDPOSITIVE>
              <LEDGERFROMITEM>No</LEDGERFROMITEM>
              <REMOVEZEROENTRIES>No</REMOVEZEROENTRIES>
              <ISPARTYLEDGER>Yes</ISPARTYLEDGER>
              <AMOUNT>346.00</AMOUNT>
            </ALLLEDGERENTRIES.LIST>
            <ALLLEDGERENTRIES.LIST>
              <LEDGERNAME>SGST @ 9%</LEDGERNAME>
              <GSTCLASS/>
              <ISDEEMEDPOSITIVE>No</ISDEEMEDPOSITIVE>
              <LEDGERFROMITEM>No</LEDGERFROMITEM>
              <REMOVEZEROENTRIES>No</REMOVEZEROENTRIES>
              <ISPARTYLEDGER>Yes</ISPARTYLEDGER>
              <AMOUNT>411.09</AMOUNT>
            </ALLLEDGERENTRIES.LIST>
            <ALLLEDGERENTRIES.LIST>
              <LEDGERNAME>CGST @ 9%</LEDGERNAME>
              <GSTCLASS/>
              <ISDEEMEDPOSITIVE>No</ISDEEMEDPOSITIVE>
              <LEDGERFROMITEM>No</LEDGERFROMITEM>
              <REMOVEZEROENTRIES>No</REMOVEZEROENTRIES>
              <ISPARTYLEDGER>Yes</ISPARTYLEDGER>
              <AMOUNT>411.09</AMOUNT>
            </ALLLEDGERENTRIES.LIST>
            <ALLLEDGERENTRIES.LIST>
              <LEDGERNAME>Round Off</LEDGERNAME>
              <GSTCLASS/>
              <ISDEEMEDPOSITIVE>Yes</ISDEEMEDPOSITIVE>
              <LEDGERFROMITEM>No</LEDGERFROMITEM>
              <REMOVEZEROENTRIES>No</REMOVEZEROENTRIES>
              <ISPARTYLEDGER>Yes</ISPARTYLEDGER>
              <AMOUNT>-0.28</AMOUNT>
            </ALLLEDGERENTRIES.LIST>
          </VOUCHER>
        </VOUCHER>
        <VOUCHER>
          <VOUCHER REMOTEID="SL2147325620" VCHTYPE="Job Work" ACTION="Create">
            <DATE>20180302</DATE>
            <GUID>2147325620</GUID>
            <NARRATION>Our WO No: undefined Packing Note No: 08291/ undefined</NARRATION>
            <VOUCHERTYPENAME>Sales</VOUCHERTYPENAME>
            <VOUCHERNUMBER>SL /JS4952 / undefined</VOUCHERNUMBER>
            <REFERENCE>SLL/SD/GST/101/17-18  DTD  7-2-2018</REFERENCE>
            <PARTYLEDGERNAME>STANLEY LIFESTYLES LTD.</PARTYLEDGERNAME>
            <CSTFORMISSUETYPE/>
            <CSTFORMRECVTYPE/>
            <FBTPAYMENTTYPE>Default</FBTPAYMENTTYPE>
            <VCHGSTCLASS/>
            <DIFFACTUALQTY>No</DIFFACTUALQTY>
            <AUDITED>No</AUDITED>
            <FORJOBCOSTING>No</FORJOBCOSTING>
            <ISOPTIONAL>No</ISOPTIONAL>
            <EFFECTIVEDATE>20180302</EFFECTIVEDATE>
            <USEFORINTEREST>No</USEFORINTEREST>
            <USEFORGAINLOSS>No</USEFORGAINLOSS>
            <USEFORGODOWNTRANSFER>No</USEFORGODOWNTRANSFER>
            <USEFORCOMPOUND>No</USEFORCOMPOUND>
            <ALTERID>20</ALTERID>
            <EXCISEOPENING>No</EXCISEOPENING>
            <ISCANCELLED>No</ISCANCELLED>
            <HASCASHFLOW>No</HASCASHFLOW>
            <ISPOSTDATED>No</ISPOSTDATED>
            <USETRACKINGNUMBER>No</USETRACKINGNUMBER>
            <ISINVOICE>No</ISINVOICE>
            <MFGJOURNAL>No</MFGJOURNAL>
            <HASDISCOUNTS>No</HASDISCOUNTS>
            <ASPAYSLIP>No</ASPAYSLIP>
            <ISDELETED>No</ISDELETED>
            <ASORIGINAL>No</ASORIGINAL>
            <ALLLEDGERENTRIES.LIST>
              <LEDGERNAME>STANLEY LIFESTYLES LTD.</LEDGERNAME>
              <GSTCLASS/>
              <ISDEEMEDPOSITIVE>Yes</ISDEEMEDPOSITIVE>
              <LEDGERFROMITEM>No</LEDGERFROMITEM>
              <REMOVEZEROENTRIES>No</REMOVEZEROENTRIES>
              <ISPARTYLEDGER>Yes</ISPARTYLEDGER>
              <AMOUNT>-76053</AMOUNT>
              <BILLALLOCATIONS.LIST>
                <NAME>SL /JS4952 / undefined</NAME>
                <BILLCREDITPERIOD>NaN</BILLCREDITPERIOD>
                <BILLTYPE>New Ref</BILLTYPE>
                <AMOUNT>-76053</AMOUNT>
              </BILLALLOCATIONS.LIST>
            </ALLLEDGERENTRIES.LIST>
            <ALLLEDGERENTRIES.LIST>
              <LEDGERNAME>JOBWORK</LEDGERNAME>
              <GSTCLASS/>
              <ISDEEMEDPOSITIVE>No</ISDEEMEDPOSITIVE>
              <LEDGERFROMITEM>No</LEDGERFROMITEM>
              <REMOVEZEROENTRIES>No</REMOVEZEROENTRIES>
              <ISPARTYLEDGER>Yes</ISPARTYLEDGER>
              <AMOUNT>64451.96</AMOUNT>
            </ALLLEDGERENTRIES.LIST>
            <ALLLEDGERENTRIES.LIST>
              <LEDGERNAME>SGST @ 9%</LEDGERNAME>
              <GSTCLASS/>
              <ISDEEMEDPOSITIVE>No</ISDEEMEDPOSITIVE>
              <LEDGERFROMITEM>No</LEDGERFROMITEM>
              <REMOVEZEROENTRIES>No</REMOVEZEROENTRIES>
              <ISPARTYLEDGER>Yes</ISPARTYLEDGER>
              <AMOUNT>411.09</AMOUNT>
            </ALLLEDGERENTRIES.LIST>
            <ALLLEDGERENTRIES.LIST>
              <LEDGERNAME>CGST @ 9%</LEDGERNAME>
              <GSTCLASS/>
              <ISDEEMEDPOSITIVE>No</ISDEEMEDPOSITIVE>
              <LEDGERFROMITEM>No</LEDGERFROMITEM>
              <REMOVEZEROENTRIES>No</REMOVEZEROENTRIES>
              <ISPARTYLEDGER>Yes</ISPARTYLEDGER>
              <AMOUNT>411.09</AMOUNT>
            </ALLLEDGERENTRIES.LIST>
            <ALLLEDGERENTRIES.LIST>
              <LEDGERNAME>Round Off</LEDGERNAME>
              <GSTCLASS/>
              <ISDEEMEDPOSITIVE>Yes</ISDEEMEDPOSITIVE>
              <LEDGERFROMITEM>No</LEDGERFROMITEM>
              <REMOVEZEROENTRIES>No</REMOVEZEROENTRIES>
              <ISPARTYLEDGER>Yes</ISPARTYLEDGER>
              <AMOUNT>-0.32</AMOUNT>
            </ALLLEDGERENTRIES.LIST>
          </VOUCHER>
        </VOUCHER>
        <VOUCHER>
          <VOUCHER REMOTEID="SL2147325622" VCHTYPE="Job Work" ACTION="Create">
            <DATE>20180302</DATE>
            <GUID>2147325622</GUID>
            <NARRATION>Our WO No: undefined Packing Note No: 08292/ undefined</NARRATION>
            <VOUCHERTYPENAME>Sales</VOUCHERTYPENAME>
            <VOUCHERNUMBER>SL /JS4953 / undefined</VOUCHERNUMBER>
            <REFERENCE>SLL/SD/GST/107/17-18  DTD  1-2-2018</REFERENCE>
            <PARTYLEDGERNAME>STANLEY LIFESTYLES LTD.</PARTYLEDGERNAME>
            <CSTFORMISSUETYPE/>
            <CSTFORMRECVTYPE/>
            <FBTPAYMENTTYPE>Default</FBTPAYMENTTYPE>
            <VCHGSTCLASS/>
            <DIFFACTUALQTY>No</DIFFACTUALQTY>
            <AUDITED>No</AUDITED>
            <FORJOBCOSTING>No</FORJOBCOSTING>
            <ISOPTIONAL>No</ISOPTIONAL>
            <EFFECTIVEDATE>20180302</EFFECTIVEDATE>
            <USEFORINTEREST>No</USEFORINTEREST>
            <USEFORGAINLOSS>No</USEFORGAINLOSS>
            <USEFORGODOWNTRANSFER>No</USEFORGODOWNTRANSFER>
            <USEFORCOMPOUND>No</USEFORCOMPOUND>
            <ALTERID>21</ALTERID>
            <EXCISEOPENING>No</EXCISEOPENING>
            <ISCANCELLED>No</ISCANCELLED>
            <HASCASHFLOW>No</HASCASHFLOW>
            <ISPOSTDATED>No</ISPOSTDATED>
            <USETRACKINGNUMBER>No</USETRACKINGNUMBER>
            <ISINVOICE>No</ISINVOICE>
            <MFGJOURNAL>No</MFGJOURNAL>
            <HASDISCOUNTS>No</HASDISCOUNTS>
            <ASPAYSLIP>No</ASPAYSLIP>
            <ISDELETED>No</ISDELETED>
            <ASORIGINAL>No</ASORIGINAL>
            <ALLLEDGERENTRIES.LIST>
              <LEDGERNAME>STANLEY LIFESTYLES LTD.</LEDGERNAME>
              <GSTCLASS/>
              <ISDEEMEDPOSITIVE>Yes</ISDEEMEDPOSITIVE>
              <LEDGERFROMITEM>No</LEDGERFROMITEM>
              <REMOVEZEROENTRIES>No</REMOVEZEROENTRIES>
              <ISPARTYLEDGER>Yes</ISPARTYLEDGER>
              <AMOUNT>-20659</AMOUNT>
              <BILLALLOCATIONS.LIST>
                <NAME>SL /JS4953 / undefined</NAME>
                <BILLCREDITPERIOD>NaN</BILLCREDITPERIOD>
                <BILLTYPE>New Ref</BILLTYPE>
                <AMOUNT>-20659</AMOUNT>
              </BILLALLOCATIONS.LIST>
            </ALLLEDGERENTRIES.LIST>
            <ALLLEDGERENTRIES.LIST>
              <LEDGERNAME>JOBWORK</LEDGERNAME>
              <GSTCLASS/>
              <ISDEEMEDPOSITIVE>No</ISDEEMEDPOSITIVE>
              <LEDGERFROMITEM>No</LEDGERFROMITEM>
              <REMOVEZEROENTRIES>No</REMOVEZEROENTRIES>
              <ISPARTYLEDGER>Yes</ISPARTYLEDGER>
              <AMOUNT>17507.98</AMOUNT>
            </ALLLEDGERENTRIES.LIST>
            <ALLLEDGERENTRIES.LIST>
              <LEDGERNAME>SGST @ 9%</LEDGERNAME>
              <GSTCLASS/>
              <ISDEEMEDPOSITIVE>No</ISDEEMEDPOSITIVE>
              <LEDGERFROMITEM>No</LEDGERFROMITEM>
              <REMOVEZEROENTRIES>No</REMOVEZEROENTRIES>
              <ISPARTYLEDGER>Yes</ISPARTYLEDGER>
              <AMOUNT>411.09</AMOUNT>
            </ALLLEDGERENTRIES.LIST>
            <ALLLEDGERENTRIES.LIST>
              <LEDGERNAME>CGST @ 9%</LEDGERNAME>
              <GSTCLASS/>
              <ISDEEMEDPOSITIVE>No</ISDEEMEDPOSITIVE>
              <LEDGERFROMITEM>No</LEDGERFROMITEM>
              <REMOVEZEROENTRIES>No</REMOVEZEROENTRIES>
              <ISPARTYLEDGER>Yes</ISPARTYLEDGER>
              <AMOUNT>411.09</AMOUNT>
            </ALLLEDGERENTRIES.LIST>
            <ALLLEDGERENTRIES.LIST>
              <LEDGERNAME>Round Off</LEDGERNAME>
              <GSTCLASS/>
              <ISDEEMEDPOSITIVE>Yes</ISDEEMEDPOSITIVE>
              <LEDGERFROMITEM>No</LEDGERFROMITEM>
              <REMOVEZEROENTRIES>No</REMOVEZEROENTRIES>
              <ISPARTYLEDGER>Yes</ISPARTYLEDGER>
              <AMOUNT>-0.42</AMOUNT>
            </ALLLEDGERENTRIES.LIST>
          </VOUCHER>
        </VOUCHER>
        <VOUCHER>
          <VOUCHER REMOTEID="SL2147325625" VCHTYPE="Job Work" ACTION="Create">
            <DATE>20180302</DATE>
            <GUID>2147325625</GUID>
            <NARRATION>Our WO No: undefined Packing Note No: 08294/ undefined</NARRATION>
            <VOUCHERTYPENAME>Sales</VOUCHERTYPENAME>
            <VOUCHERNUMBER>SL /JS4954 / undefined</VOUCHERNUMBER>
            <REFERENCE>4501930196 dtd 23/JUN/2017</REFERENCE>
            <PARTYLEDGERNAME>ANDRITZ HYDRO PRIVATE LIMITED</PARTYLEDGERNAME>
            <CSTFORMISSUETYPE/>
            <CSTFORMRECVTYPE/>
            <FBTPAYMENTTYPE>Default</FBTPAYMENTTYPE>
            <VCHGSTCLASS/>
            <DIFFACTUALQTY>No</DIFFACTUALQTY>
            <AUDITED>No</AUDITED>
            <FORJOBCOSTING>No</FORJOBCOSTING>
            <ISOPTIONAL>No</ISOPTIONAL>
            <EFFECTIVEDATE>20180302</EFFECTIVEDATE>
            <USEFORINTEREST>No</USEFORINTEREST>
            <USEFORGAINLOSS>No</USEFORGAINLOSS>
            <USEFORGODOWNTRANSFER>No</USEFORGODOWNTRANSFER>
            <USEFORCOMPOUND>No</USEFORCOMPOUND>
            <ALTERID>22</ALTERID>
            <EXCISEOPENING>No</EXCISEOPENING>
            <ISCANCELLED>No</ISCANCELLED>
            <HASCASHFLOW>No</HASCASHFLOW>
            <ISPOSTDATED>No</ISPOSTDATED>
            <USETRACKINGNUMBER>No</USETRACKINGNUMBER>
            <ISINVOICE>No</ISINVOICE>
            <MFGJOURNAL>No</MFGJOURNAL>
            <HASDISCOUNTS>No</HASDISCOUNTS>
            <ASPAYSLIP>No</ASPAYSLIP>
            <ISDELETED>No</ISDELETED>
            <ASORIGINAL>No</ASORIGINAL>
            <ALLLEDGERENTRIES.LIST>
              <LEDGERNAME>ANDRITZ HYDRO PRIVATE LIMITED</LEDGERNAME>
              <GSTCLASS/>
              <ISDEEMEDPOSITIVE>Yes</ISDEEMEDPOSITIVE>
              <LEDGERFROMITEM>No</LEDGERFROMITEM>
              <REMOVEZEROENTRIES>No</REMOVEZEROENTRIES>
              <ISPARTYLEDGER>Yes</ISPARTYLEDGER>
              <AMOUNT>-541620</AMOUNT>
              <BILLALLOCATIONS.LIST>
                <NAME>SL /JS4954 / undefined</NAME>
                <BILLCREDITPERIOD>NaN</BILLCREDITPERIOD>
                <BILLTYPE>New Ref</BILLTYPE>
                <AMOUNT>-541620</AMOUNT>
              </BILLALLOCATIONS.LIST>
            </ALLLEDGERENTRIES.LIST>
            <ALLLEDGERENTRIES.LIST>
              <LEDGERNAME>JOBWORK</LEDGERNAME>
              <GSTCLASS/>
              <ISDEEMEDPOSITIVE>No</ISDEEMEDPOSITIVE>
              <LEDGERFROMITEM>No</LEDGERFROMITEM>
              <REMOVEZEROENTRIES>No</REMOVEZEROENTRIES>
              <ISPARTYLEDGER>Yes</ISPARTYLEDGER>
              <AMOUNT>459000.00</AMOUNT>
            </ALLLEDGERENTRIES.LIST>
            <ALLLEDGERENTRIES.LIST>
              <LEDGERNAME>SGST @ 9%</LEDGERNAME>
              <GSTCLASS/>
              <ISDEEMEDPOSITIVE>No</ISDEEMEDPOSITIVE>
              <LEDGERFROMITEM>No</LEDGERFROMITEM>
              <REMOVEZEROENTRIES>No</REMOVEZEROENTRIES>
              <ISPARTYLEDGER>Yes</ISPARTYLEDGER>
              <AMOUNT>411.09</AMOUNT>
            </ALLLEDGERENTRIES.LIST>
            <ALLLEDGERENTRIES.LIST>
              <LEDGERNAME>CGST @ 9%</LEDGERNAME>
              <GSTCLASS/>
              <ISDEEMEDPOSITIVE>No</ISDEEMEDPOSITIVE>
              <LEDGERFROMITEM>No</LEDGERFROMITEM>
              <REMOVEZEROENTRIES>No</REMOVEZEROENTRIES>
              <ISPARTYLEDGER>Yes</ISPARTYLEDGER>
              <AMOUNT>411.09</AMOUNT>
            </ALLLEDGERENTRIES.LIST>
          </VOUCHER>
        </VOUCHER>
        <VOUCHER>
          <VOUCHER REMOTEID="SL2147325624" VCHTYPE="Job Work" ACTION="Create">
            <DATE>20180302</DATE>
            <GUID>2147325624</GUID>
            <NARRATION>Our WO No: undefined Packing Note No: 08295/ undefined</NARRATION>
            <VOUCHERTYPENAME>Sales</VOUCHERTYPENAME>
            <VOUCHERNUMBER>SL /JS4955 / undefined</VOUCHERNUMBER>
            <REFERENCE>PO-NO 1256 DTD/23/02/2018</REFERENCE>
            <PARTYLEDGERNAME>SOLIDUS HI TECH PRODUCTS PVT LTD UNIT II</PARTYLEDGERNAME>
            <CSTFORMISSUETYPE/>
            <CSTFORMRECVTYPE/>
            <FBTPAYMENTTYPE>Default</FBTPAYMENTTYPE>
            <VCHGSTCLASS/>
            <DIFFACTUALQTY>No</DIFFACTUALQTY>
            <AUDITED>No</AUDITED>
            <FORJOBCOSTING>No</FORJOBCOSTING>
            <ISOPTIONAL>No</ISOPTIONAL>
            <EFFECTIVEDATE>20180302</EFFECTIVEDATE>
            <USEFORINTEREST>No</USEFORINTEREST>
            <USEFORGAINLOSS>No</USEFORGAINLOSS>
            <USEFORGODOWNTRANSFER>No</USEFORGODOWNTRANSFER>
            <USEFORCOMPOUND>No</USEFORCOMPOUND>
            <ALTERID>23</ALTERID>
            <EXCISEOPENING>No</EXCISEOPENING>
            <ISCANCELLED>No</ISCANCELLED>
            <HASCASHFLOW>No</HASCASHFLOW>
            <ISPOSTDATED>No</ISPOSTDATED>
            <USETRACKINGNUMBER>No</USETRACKINGNUMBER>
            <ISINVOICE>No</ISINVOICE>
            <MFGJOURNAL>No</MFGJOURNAL>
            <HASDISCOUNTS>No</HASDISCOUNTS>
            <ASPAYSLIP>No</ASPAYSLIP>
            <ISDELETED>No</ISDELETED>
            <ASORIGINAL>No</ASORIGINAL>
            <ALLLEDGERENTRIES.LIST>
              <LEDGERNAME>SOLIDUS HI TECH PRODUCTS PVT LTD UNIT II</LEDGERNAME>
              <GSTCLASS/>
              <ISDEEMEDPOSITIVE>Yes</ISDEEMEDPOSITIVE>
              <LEDGERFROMITEM>No</LEDGERFROMITEM>
              <REMOVEZEROENTRIES>No</REMOVEZEROENTRIES>
              <ISPARTYLEDGER>Yes</ISPARTYLEDGER>
              <AMOUNT>-89951</AMOUNT>
              <BILLALLOCATIONS.LIST>
                <NAME>SL /JS4955 / undefined</NAME>
                <BILLCREDITPERIOD>NaN</BILLCREDITPERIOD>
                <BILLTYPE>New Ref</BILLTYPE>
                <AMOUNT>-89951</AMOUNT>
              </BILLALLOCATIONS.LIST>
            </ALLLEDGERENTRIES.LIST>
            <ALLLEDGERENTRIES.LIST>
              <LEDGERNAME>JOBWORK</LEDGERNAME>
              <GSTCLASS/>
              <ISDEEMEDPOSITIVE>No</ISDEEMEDPOSITIVE>
              <LEDGERFROMITEM>No</LEDGERFROMITEM>
              <REMOVEZEROENTRIES>No</REMOVEZEROENTRIES>
              <ISPARTYLEDGER>Yes</ISPARTYLEDGER>
              <AMOUNT>76230.00</AMOUNT>
            </ALLLEDGERENTRIES.LIST>
            <ALLLEDGERENTRIES.LIST>
              <LEDGERNAME>SGST @ 9%</LEDGERNAME>
              <GSTCLASS/>
              <ISDEEMEDPOSITIVE>No</ISDEEMEDPOSITIVE>
              <LEDGERFROMITEM>No</LEDGERFROMITEM>
              <REMOVEZEROENTRIES>No</REMOVEZEROENTRIES>
              <ISPARTYLEDGER>Yes</ISPARTYLEDGER>
              <AMOUNT>411.09</AMOUNT>
            </ALLLEDGERENTRIES.LIST>
            <ALLLEDGERENTRIES.LIST>
              <LEDGERNAME>CGST @ 9%</LEDGERNAME>
              <GSTCLASS/>
              <ISDEEMEDPOSITIVE>No</ISDEEMEDPOSITIVE>
              <LEDGERFROMITEM>No</LEDGERFROMITEM>
              <REMOVEZEROENTRIES>No</REMOVEZEROENTRIES>
              <ISPARTYLEDGER>Yes</ISPARTYLEDGER>
              <AMOUNT>411.09</AMOUNT>
            </ALLLEDGERENTRIES.LIST>
            <ALLLEDGERENTRIES.LIST>
              <LEDGERNAME>Round Off</LEDGERNAME>
              <GSTCLASS/>
              <ISDEEMEDPOSITIVE>Yes</ISDEEMEDPOSITIVE>
              <LEDGERFROMITEM>No</LEDGERFROMITEM>
              <REMOVEZEROENTRIES>No</REMOVEZEROENTRIES>
              <ISPARTYLEDGER>Yes</ISPARTYLEDGER>
              <AMOUNT>-0.40</AMOUNT>
            </ALLLEDGERENTRIES.LIST>
          </VOUCHER>
        </VOUCHER>
        <VOUCHER>
          <VOUCHER REMOTEID="SL2147325629" VCHTYPE="Job Work" ACTION="Create">
            <DATE>20180302</DATE>
            <GUID>2147325629</GUID>
            <NARRATION>Our WO No: undefined Packing Note No: 08296/ undefined</NARRATION>
            <VOUCHERTYPENAME>Sales</VOUCHERTYPENAME>
            <VOUCHERNUMBER>SL /JS4956 / undefined</VOUCHERNUMBER>
            <REFERENCE>U23021703792 DTD/21/02/2018</REFERENCE>
            <PARTYLEDGERNAME>T D POWER SYSTEMS LTD.-UNIT 2</PARTYLEDGERNAME>
            <CSTFORMISSUETYPE/>
            <CSTFORMRECVTYPE/>
            <FBTPAYMENTTYPE>Default</FBTPAYMENTTYPE>
            <VCHGSTCLASS/>
            <DIFFACTUALQTY>No</DIFFACTUALQTY>
            <AUDITED>No</AUDITED>
            <FORJOBCOSTING>No</FORJOBCOSTING>
            <ISOPTIONAL>No</ISOPTIONAL>
            <EFFECTIVEDATE>20180302</EFFECTIVEDATE>
            <USEFORINTEREST>No</USEFORINTEREST>
            <USEFORGAINLOSS>No</USEFORGAINLOSS>
            <USEFORGODOWNTRANSFER>No</USEFORGODOWNTRANSFER>
            <USEFORCOMPOUND>No</USEFORCOMPOUND>
            <ALTERID>24</ALTERID>
            <EXCISEOPENING>No</EXCISEOPENING>
            <ISCANCELLED>No</ISCANCELLED>
            <HASCASHFLOW>No</HASCASHFLOW>
            <ISPOSTDATED>No</ISPOSTDATED>
            <USETRACKINGNUMBER>No</USETRACKINGNUMBER>
            <ISINVOICE>No</ISINVOICE>
            <MFGJOURNAL>No</MFGJOURNAL>
            <HASDISCOUNTS>No</HASDISCOUNTS>
            <ASPAYSLIP>No</ASPAYSLIP>
            <ISDELETED>No</ISDELETED>
            <ASORIGINAL>No</ASORIGINAL>
            <ALLLEDGERENTRIES.LIST>
              <LEDGERNAME>T D POWER SYSTEMS LTD.-UNIT 2</LEDGERNAME>
              <GSTCLASS/>
              <ISDEEMEDPOSITIVE>Yes</ISDEEMEDPOSITIVE>
              <LEDGERFROMITEM>No</LEDGERFROMITEM>
              <REMOVEZEROENTRIES>No</REMOVEZEROENTRIES>
              <ISPARTYLEDGER>Yes</ISPARTYLEDGER>
              <AMOUNT>-160480</AMOUNT>
              <BILLALLOCATIONS.LIST>
                <NAME>SL /JS4956 / undefined</NAME>
                <BILLCREDITPERIOD>NaN</BILLCREDITPERIOD>
                <BILLTYPE>New Ref</BILLTYPE>
                <AMOUNT>-160480</AMOUNT>
              </BILLALLOCATIONS.LIST>
            </ALLLEDGERENTRIES.LIST>
            <ALLLEDGERENTRIES.LIST>
              <LEDGERNAME>JOBWORK</LEDGERNAME>
              <GSTCLASS/>
              <ISDEEMEDPOSITIVE>No</ISDEEMEDPOSITIVE>
              <LEDGERFROMITEM>No</LEDGERFROMITEM>
              <REMOVEZEROENTRIES>No</REMOVEZEROENTRIES>
              <ISPARTYLEDGER>Yes</ISPARTYLEDGER>
              <AMOUNT>136000.00</AMOUNT>
            </ALLLEDGERENTRIES.LIST>
            <ALLLEDGERENTRIES.LIST>
              <LEDGERNAME>SGST @ 9%</LEDGERNAME>
              <GSTCLASS/>
              <ISDEEMEDPOSITIVE>No</ISDEEMEDPOSITIVE>
              <LEDGERFROMITEM>No</LEDGERFROMITEM>
              <REMOVEZEROENTRIES>No</REMOVEZEROENTRIES>
              <ISPARTYLEDGER>Yes</ISPARTYLEDGER>
              <AMOUNT>411.09</AMOUNT>
            </ALLLEDGERENTRIES.LIST>
            <ALLLEDGERENTRIES.LIST>
              <LEDGERNAME>CGST @ 9%</LEDGERNAME>
              <GSTCLASS/>
              <ISDEEMEDPOSITIVE>No</ISDEEMEDPOSITIVE>
              <LEDGERFROMITEM>No</LEDGERFROMITEM>
              <REMOVEZEROENTRIES>No</REMOVEZEROENTRIES>
              <ISPARTYLEDGER>Yes</ISPARTYLEDGER>
              <AMOUNT>411.09</AMOUNT>
            </ALLLEDGERENTRIES.LIST>
          </VOUCHER>
        </VOUCHER>
        <VOUCHER>
          <VOUCHER REMOTEID="SL2147325630" VCHTYPE="Job Work" ACTION="Create">
            <DATE>20180302</DATE>
            <GUID>2147325630</GUID>
            <NARRATION>Our WO No: undefined Packing Note No: 08297/ undefined</NARRATION>
            <VOUCHERTYPENAME>Sales</VOUCHERTYPENAME>
            <VOUCHERNUMBER>SL /JS4957 / undefined</VOUCHERNUMBER>
            <REFERENCE>279 DAT 22/02/2018</REFERENCE>
            <PARTYLEDGERNAME>SHIVA SAI ENGINEERING</PARTYLEDGERNAME>
            <CSTFORMISSUETYPE/>
            <CSTFORMRECVTYPE/>
            <FBTPAYMENTTYPE>Default</FBTPAYMENTTYPE>
            <VCHGSTCLASS/>
            <DIFFACTUALQTY>No</DIFFACTUALQTY>
            <AUDITED>No</AUDITED>
            <FORJOBCOSTING>No</FORJOBCOSTING>
            <ISOPTIONAL>No</ISOPTIONAL>
            <EFFECTIVEDATE>20180302</EFFECTIVEDATE>
            <USEFORINTEREST>No</USEFORINTEREST>
            <USEFORGAINLOSS>No</USEFORGAINLOSS>
            <USEFORGODOWNTRANSFER>No</USEFORGODOWNTRANSFER>
            <USEFORCOMPOUND>No</USEFORCOMPOUND>
            <ALTERID>25</ALTERID>
            <EXCISEOPENING>No</EXCISEOPENING>
            <ISCANCELLED>No</ISCANCELLED>
            <HASCASHFLOW>No</HASCASHFLOW>
            <ISPOSTDATED>No</ISPOSTDATED>
            <USETRACKINGNUMBER>No</USETRACKINGNUMBER>
            <ISINVOICE>No</ISINVOICE>
            <MFGJOURNAL>No</MFGJOURNAL>
            <HASDISCOUNTS>No</HASDISCOUNTS>
            <ASPAYSLIP>No</ASPAYSLIP>
            <ISDELETED>No</ISDELETED>
            <ASORIGINAL>No</ASORIGINAL>
            <ALLLEDGERENTRIES.LIST>
              <LEDGERNAME>SHIVA SAI ENGINEERING</LEDGERNAME>
              <GSTCLASS/>
              <ISDEEMEDPOSITIVE>Yes</ISDEEMEDPOSITIVE>
              <LEDGERFROMITEM>No</LEDGERFROMITEM>
              <REMOVEZEROENTRIES>No</REMOVEZEROENTRIES>
              <ISPARTYLEDGER>Yes</ISPARTYLEDGER>
              <AMOUNT>-2693</AMOUNT>
              <BILLALLOCATIONS.LIST>
                <NAME>SL /JS4957 / undefined</NAME>
                <BILLCREDITPERIOD>NaN</BILLCREDITPERIOD>
                <BILLTYPE>New Ref</BILLTYPE>
                <AMOUNT>-2693</AMOUNT>
              </BILLALLOCATIONS.LIST>
            </ALLLEDGERENTRIES.LIST>
            <ALLLEDGERENTRIES.LIST>
              <LEDGERNAME>JOBWORK</LEDGERNAME>
              <GSTCLASS/>
              <ISDEEMEDPOSITIVE>No</ISDEEMEDPOSITIVE>
              <LEDGERFROMITEM>No</LEDGERFROMITEM>
              <REMOVEZEROENTRIES>No</REMOVEZEROENTRIES>
              <ISPARTYLEDGER>Yes</ISPARTYLEDGER>
              <AMOUNT>2282.00</AMOUNT>
            </ALLLEDGERENTRIES.LIST>
            <ALLLEDGERENTRIES.LIST>
              <LEDGERNAME>SGST @ 9%</LEDGERNAME>
              <GSTCLASS/>
              <ISDEEMEDPOSITIVE>No</ISDEEMEDPOSITIVE>
              <LEDGERFROMITEM>No</LEDGERFROMITEM>
              <REMOVEZEROENTRIES>No</REMOVEZEROENTRIES>
              <ISPARTYLEDGER>Yes</ISPARTYLEDGER>
              <AMOUNT>411.09</AMOUNT>
            </ALLLEDGERENTRIES.LIST>
            <ALLLEDGERENTRIES.LIST>
              <LEDGERNAME>CGST @ 9%</LEDGERNAME>
              <GSTCLASS/>
              <ISDEEMEDPOSITIVE>No</ISDEEMEDPOSITIVE>
              <LEDGERFROMITEM>No</LEDGERFROMITEM>
              <REMOVEZEROENTRIES>No</REMOVEZEROENTRIES>
              <ISPARTYLEDGER>Yes</ISPARTYLEDGER>
              <AMOUNT>411.09</AMOUNT>
            </ALLLEDGERENTRIES.LIST>
            <ALLLEDGERENTRIES.LIST>
              <LEDGERNAME>Round Off</LEDGERNAME>
              <GSTCLASS/>
              <ISDEEMEDPOSITIVE>Yes</ISDEEMEDPOSITIVE>
              <LEDGERFROMITEM>No</LEDGERFROMITEM>
              <REMOVEZEROENTRIES>No</REMOVEZEROENTRIES>
              <ISPARTYLEDGER>Yes</ISPARTYLEDGER>
              <AMOUNT>0.24</AMOUNT>
            </ALLLEDGERENTRIES.LIST>
          </VOUCHER>
        </VOUCHER>
        <VOUCHER>
          <VOUCHER REMOTEID="SR2147325588" VCHTYPE="Service" ACTION="Create">
            <DATE>20180302</DATE>
            <GUID>2147325588</GUID>
            <NARRATION>Our WO No: undefined Packing Note No: 08267/ undefined</NARRATION>
            <VOUCHERTYPENAME>Sales</VOUCHERTYPENAME>
            <VOUCHERNUMBER>SR /JS4933 / undefined</VOUCHERNUMBER>
            <REFERENCE>LETTER DATED DT 28/02/2018</REFERENCE>
            <PARTYLEDGERNAME>VIKRAM NAYAK</PARTYLEDGERNAME>
            <CSTFORMISSUETYPE/>
            <CSTFORMRECVTYPE/>
            <FBTPAYMENTTYPE>Default</FBTPAYMENTTYPE>
            <VCHGSTCLASS/>
            <DIFFACTUALQTY>No</DIFFACTUALQTY>
            <AUDITED>No</AUDITED>
            <FORJOBCOSTING>No</FORJOBCOSTING>
            <ISOPTIONAL>No</ISOPTIONAL>
            <EFFECTIVEDATE>20180302</EFFECTIVEDATE>
            <USEFORINTEREST>No</USEFORINTEREST>
            <USEFORGAINLOSS>No</USEFORGAINLOSS>
            <USEFORGODOWNTRANSFER>No</USEFORGODOWNTRANSFER>
            <USEFORCOMPOUND>No</USEFORCOMPOUND>
            <ALTERID>26</ALTERID>
            <EXCISEOPENING>No</EXCISEOPENING>
            <ISCANCELLED>No</ISCANCELLED>
            <HASCASHFLOW>No</HASCASHFLOW>
            <ISPOSTDATED>No</ISPOSTDATED>
            <USETRACKINGNUMBER>No</USETRACKINGNUMBER>
            <ISINVOICE>No</ISINVOICE>
            <MFGJOURNAL>No</MFGJOURNAL>
            <HASDISCOUNTS>No</HASDISCOUNTS>
            <ASPAYSLIP>No</ASPAYSLIP>
            <ISDELETED>No</ISDELETED>
            <ASORIGINAL>No</ASORIGINAL>
            <ALLLEDGERENTRIES.LIST>
              <LEDGERNAME>VIKRAM NAYAK</LEDGERNAME>
              <GSTCLASS/>
              <ISDEEMEDPOSITIVE>Yes</ISDEEMEDPOSITIVE>
              <LEDGERFROMITEM>No</LEDGERFROMITEM>
              <REMOVEZEROENTRIES>No</REMOVEZEROENTRIES>
              <ISPARTYLEDGER>Yes</ISPARTYLEDGER>
              <AMOUNT>-11800</AMOUNT>
              <BILLALLOCATIONS.LIST>
                <NAME>SR /JS4933 / undefined</NAME>
                <BILLCREDITPERIOD>NaN</BILLCREDITPERIOD>
                <BILLTYPE>New Ref</BILLTYPE>
                <AMOUNT>-11800</AMOUNT>
              </BILLALLOCATIONS.LIST>
            </ALLLEDGERENTRIES.LIST>
            <ALLLEDGERENTRIES.LIST>
              <LEDGERNAME>SERVICE</LEDGERNAME>
              <GSTCLASS/>
              <ISDEEMEDPOSITIVE>No</ISDEEMEDPOSITIVE>
              <LEDGERFROMITEM>No</LEDGERFROMITEM>
              <REMOVEZEROENTRIES>No</REMOVEZEROENTRIES>
              <ISPARTYLEDGER>Yes</ISPARTYLEDGER>
              <AMOUNT>10000.00</AMOUNT>
            </ALLLEDGERENTRIES.LIST>
            <ALLLEDGERENTRIES.LIST>
              <LEDGERNAME>SGST @ 9%</LEDGERNAME>
              <GSTCLASS/>
              <ISDEEMEDPOSITIVE>No</ISDEEMEDPOSITIVE>
              <LEDGERFROMITEM>No</LEDGERFROMITEM>
              <REMOVEZEROENTRIES>No</REMOVEZEROENTRIES>
              <ISPARTYLEDGER>Yes</ISPARTYLEDGER>
              <AMOUNT>411.09</AMOUNT>
            </ALLLEDGERENTRIES.LIST>
            <ALLLEDGERENTRIES.LIST>
              <LEDGERNAME>CGST @ 9%</LEDGERNAME>
              <GSTCLASS/>
              <ISDEEMEDPOSITIVE>No</ISDEEMEDPOSITIVE>
              <LEDGERFROMITEM>No</LEDGERFROMITEM>
              <REMOVEZEROENTRIES>No</REMOVEZEROENTRIES>
              <ISPARTYLEDGER>Yes</ISPARTYLEDGER>
              <AMOUNT>411.09</AMOUNT>
            </ALLLEDGERENTRIES.LIST>
          </VOUCHER>
        </VOUCHER>
        <VOUCHER>
          <VOUCHER REMOTEID="SR2147325606" VCHTYPE="Service" ACTION="Create">
            <DATE>20180302</DATE>
            <GUID>2147325606</GUID>
            <NARRATION>Our WO No: undefined Packing Note No: 08281/ undefined</NARRATION>
            <VOUCHERTYPENAME>Sales</VOUCHERTYPENAME>
            <VOUCHERNUMBER>SR /JS4939 / undefined</VOUCHERNUMBER>
            <REFERENCE>2015450290 DT26/02/18 DCNO 710001416</REFERENCE>
            <PARTYLEDGERNAME>UCAM PVT LTD</PARTYLEDGERNAME>
            <CSTFORMISSUETYPE/>
            <CSTFORMRECVTYPE/>
            <FBTPAYMENTTYPE>Default</FBTPAYMENTTYPE>
            <VCHGSTCLASS/>
            <DIFFACTUALQTY>No</DIFFACTUALQTY>
            <AUDITED>No</AUDITED>
            <FORJOBCOSTING>No</FORJOBCOSTING>
            <ISOPTIONAL>No</ISOPTIONAL>
            <EFFECTIVEDATE>20180302</EFFECTIVEDATE>
            <USEFORINTEREST>No</USEFORINTEREST>
            <USEFORGAINLOSS>No</USEFORGAINLOSS>
            <USEFORGODOWNTRANSFER>No</USEFORGODOWNTRANSFER>
            <USEFORCOMPOUND>No</USEFORCOMPOUND>
            <ALTERID>27</ALTERID>
            <EXCISEOPENING>No</EXCISEOPENING>
            <ISCANCELLED>No</ISCANCELLED>
            <HASCASHFLOW>No</HASCASHFLOW>
            <ISPOSTDATED>No</ISPOSTDATED>
            <USETRACKINGNUMBER>No</USETRACKINGNUMBER>
            <ISINVOICE>No</ISINVOICE>
            <MFGJOURNAL>No</MFGJOURNAL>
            <HASDISCOUNTS>No</HASDISCOUNTS>
            <ASPAYSLIP>No</ASPAYSLIP>
            <ISDELETED>No</ISDELETED>
            <ASORIGINAL>No</ASORIGINAL>
            <ALLLEDGERENTRIES.LIST>
              <LEDGERNAME>UCAM PVT LTD</LEDGERNAME>
              <GSTCLASS/>
              <ISDEEMEDPOSITIVE>Yes</ISDEEMEDPOSITIVE>
              <LEDGERFROMITEM>No</LEDGERFROMITEM>
              <REMOVEZEROENTRIES>No</REMOVEZEROENTRIES>
              <ISPARTYLEDGER>Yes</ISPARTYLEDGER>
              <AMOUNT>-3540</AMOUNT>
              <BILLALLOCATIONS.LIST>
                <NAME>SR /JS4939 / undefined</NAME>
                <BILLCREDITPERIOD>NaN</BILLCREDITPERIOD>
                <BILLTYPE>New Ref</BILLTYPE>
                <AMOUNT>-3540</AMOUNT>
              </BILLALLOCATIONS.LIST>
            </ALLLEDGERENTRIES.LIST>
            <ALLLEDGERENTRIES.LIST>
              <LEDGERNAME>SERVICE</LEDGERNAME>
              <GSTCLASS/>
              <ISDEEMEDPOSITIVE>No</ISDEEMEDPOSITIVE>
              <LEDGERFROMITEM>No</LEDGERFROMITEM>
              <REMOVEZEROENTRIES>No</REMOVEZEROENTRIES>
              <ISPARTYLEDGER>Yes</ISPARTYLEDGER>
              <AMOUNT>3000.00</AMOUNT>
            </ALLLEDGERENTRIES.LIST>
            <ALLLEDGERENTRIES.LIST>
              <LEDGERNAME>SGST @ 9%</LEDGERNAME>
              <GSTCLASS/>
              <ISDEEMEDPOSITIVE>No</ISDEEMEDPOSITIVE>
              <LEDGERFROMITEM>No</LEDGERFROMITEM>
              <REMOVEZEROENTRIES>No</REMOVEZEROENTRIES>
              <ISPARTYLEDGER>Yes</ISPARTYLEDGER>
              <AMOUNT>411.09</AMOUNT>
            </ALLLEDGERENTRIES.LIST>
            <ALLLEDGERENTRIES.LIST>
              <LEDGERNAME>CGST @ 9%</LEDGERNAME>
              <GSTCLASS/>
              <ISDEEMEDPOSITIVE>No</ISDEEMEDPOSITIVE>
              <LEDGERFROMITEM>No</LEDGERFROMITEM>
              <REMOVEZEROENTRIES>No</REMOVEZEROENTRIES>
              <ISPARTYLEDGER>Yes</ISPARTYLEDGER>
              <AMOUNT>411.09</AMOUNT>
            </ALLLEDGERENTRIES.LIST>
          </VOUCHER>
        </VOUCHER>
        <VOUCHER>
          <VOUCHER REMOTEID="SR2147325607" VCHTYPE="Service" ACTION="Create">
            <DATE>20180302</DATE>
            <GUID>2147325607</GUID>
            <NARRATION>Our WO No: undefined Packing Note No: 08282/ undefined</NARRATION>
            <VOUCHERTYPENAME>Sales</VOUCHERTYPENAME>
            <VOUCHERNUMBER>SR /JS4940 / undefined</VOUCHERNUMBER>
            <REFERENCE>2015450291 DT 26/02/18 DC NO 710001417</REFERENCE>
            <PARTYLEDGERNAME>UCAM PVT LTD</PARTYLEDGERNAME>
            <CSTFORMISSUETYPE/>
            <CSTFORMRECVTYPE/>
            <FBTPAYMENTTYPE>Default</FBTPAYMENTTYPE>
            <VCHGSTCLASS/>
            <DIFFACTUALQTY>No</DIFFACTUALQTY>
            <AUDITED>No</AUDITED>
            <FORJOBCOSTING>No</FORJOBCOSTING>
            <ISOPTIONAL>No</ISOPTIONAL>
            <EFFECTIVEDATE>20180302</EFFECTIVEDATE>
            <USEFORINTEREST>No</USEFORINTEREST>
            <USEFORGAINLOSS>No</USEFORGAINLOSS>
            <USEFORGODOWNTRANSFER>No</USEFORGODOWNTRANSFER>
            <USEFORCOMPOUND>No</USEFORCOMPOUND>
            <ALTERID>28</ALTERID>
            <EXCISEOPENING>No</EXCISEOPENING>
            <ISCANCELLED>No</ISCANCELLED>
            <HASCASHFLOW>No</HASCASHFLOW>
            <ISPOSTDATED>No</ISPOSTDATED>
            <USETRACKINGNUMBER>No</USETRACKINGNUMBER>
            <ISINVOICE>No</ISINVOICE>
            <MFGJOURNAL>No</MFGJOURNAL>
            <HASDISCOUNTS>No</HASDISCOUNTS>
            <ASPAYSLIP>No</ASPAYSLIP>
            <ISDELETED>No</ISDELETED>
            <ASORIGINAL>No</ASORIGINAL>
            <ALLLEDGERENTRIES.LIST>
              <LEDGERNAME>UCAM PVT LTD</LEDGERNAME>
              <GSTCLASS/>
              <ISDEEMEDPOSITIVE>Yes</ISDEEMEDPOSITIVE>
              <LEDGERFROMITEM>No</LEDGERFROMITEM>
              <REMOVEZEROENTRIES>No</REMOVEZEROENTRIES>
              <ISPARTYLEDGER>Yes</ISPARTYLEDGER>
              <AMOUNT>-3894</AMOUNT>
              <BILLALLOCATIONS.LIST>
                <NAME>SR /JS4940 / undefined</NAME>
                <BILLCREDITPERIOD>NaN</BILLCREDITPERIOD>
                <BILLTYPE>New Ref</BILLTYPE>
                <AMOUNT>-3894</AMOUNT>
              </BILLALLOCATIONS.LIST>
            </ALLLEDGERENTRIES.LIST>
            <ALLLEDGERENTRIES.LIST>
              <LEDGERNAME>SERVICE</LEDGERNAME>
              <GSTCLASS/>
              <ISDEEMEDPOSITIVE>No</ISDEEMEDPOSITIVE>
              <LEDGERFROMITEM>No</LEDGERFROMITEM>
              <REMOVEZEROENTRIES>No</REMOVEZEROENTRIES>
              <ISPARTYLEDGER>Yes</ISPARTYLEDGER>
              <AMOUNT>3300.00</AMOUNT>
            </ALLLEDGERENTRIES.LIST>
            <ALLLEDGERENTRIES.LIST>
              <LEDGERNAME>SGST @ 9%</LEDGERNAME>
              <GSTCLASS/>
              <ISDEEMEDPOSITIVE>No</ISDEEMEDPOSITIVE>
              <LEDGERFROMITEM>No</LEDGERFROMITEM>
              <REMOVEZEROENTRIES>No</REMOVEZEROENTRIES>
              <ISPARTYLEDGER>Yes</ISPARTYLEDGER>
              <AMOUNT>411.09</AMOUNT>
            </ALLLEDGERENTRIES.LIST>
            <ALLLEDGERENTRIES.LIST>
              <LEDGERNAME>CGST @ 9%</LEDGERNAME>
              <GSTCLASS/>
              <ISDEEMEDPOSITIVE>No</ISDEEMEDPOSITIVE>
              <LEDGERFROMITEM>No</LEDGERFROMITEM>
              <REMOVEZEROENTRIES>No</REMOVEZEROENTRIES>
              <ISPARTYLEDGER>Yes</ISPARTYLEDGER>
              <AMOUNT>411.09</AMOUNT>
            </ALLLEDGERENTRIES.LIST>
          </VOUCHER>
        </VOUCHER>
        <VOUCHER>
          <VOUCHER REMOTEID="SR2147325609" VCHTYPE="Service" ACTION="Create">
            <DATE>20180302</DATE>
            <GUID>2147325609</GUID>
            <NARRATION>Our WO No: undefined Packing Note No: 08284/ undefined</NARRATION>
            <VOUCHERTYPENAME>Sales</VOUCHERTYPENAME>
            <VOUCHERNUMBER>SR /JS4945 / undefined</VOUCHERNUMBER>
            <REFERENCE>DC NO1730 DT 20/02/18</REFERENCE>
            <PARTYLEDGERNAME>MICRON INSTRUMENTS PVT LTD</PARTYLEDGERNAME>
            <CSTFORMISSUETYPE/>
            <CSTFORMRECVTYPE/>
            <FBTPAYMENTTYPE>Default</FBTPAYMENTTYPE>
            <VCHGSTCLASS/>
            <DIFFACTUALQTY>No</DIFFACTUALQTY>
            <AUDITED>No</AUDITED>
            <FORJOBCOSTING>No</FORJOBCOSTING>
            <ISOPTIONAL>No</ISOPTIONAL>
            <EFFECTIVEDATE>20180302</EFFECTIVEDATE>
            <USEFORINTEREST>No</USEFORINTEREST>
            <USEFORGAINLOSS>No</USEFORGAINLOSS>
            <USEFORGODOWNTRANSFER>No</USEFORGODOWNTRANSFER>
            <USEFORCOMPOUND>No</USEFORCOMPOUND>
            <ALTERID>29</ALTERID>
            <EXCISEOPENING>No</EXCISEOPENING>
            <ISCANCELLED>No</ISCANCELLED>
            <HASCASHFLOW>No</HASCASHFLOW>
            <ISPOSTDATED>No</ISPOSTDATED>
            <USETRACKINGNUMBER>No</USETRACKINGNUMBER>
            <ISINVOICE>No</ISINVOICE>
            <MFGJOURNAL>No</MFGJOURNAL>
            <HASDISCOUNTS>No</HASDISCOUNTS>
            <ASPAYSLIP>No</ASPAYSLIP>
            <ISDELETED>No</ISDELETED>
            <ASORIGINAL>No</ASORIGINAL>
            <ALLLEDGERENTRIES.LIST>
              <LEDGERNAME>MICRON INSTRUMENTS PVT LTD</LEDGERNAME>
              <GSTCLASS/>
              <ISDEEMEDPOSITIVE>Yes</ISDEEMEDPOSITIVE>
              <LEDGERFROMITEM>No</LEDGERFROMITEM>
              <REMOVEZEROENTRIES>No</REMOVEZEROENTRIES>
              <ISPARTYLEDGER>Yes</ISPARTYLEDGER>
              <AMOUNT>-36816</AMOUNT>
              <BILLALLOCATIONS.LIST>
                <NAME>SR /JS4945 / undefined</NAME>
                <BILLCREDITPERIOD>NaN</BILLCREDITPERIOD>
                <BILLTYPE>New Ref</BILLTYPE>
                <AMOUNT>-36816</AMOUNT>
              </BILLALLOCATIONS.LIST>
            </ALLLEDGERENTRIES.LIST>
            <ALLLEDGERENTRIES.LIST>
              <LEDGERNAME>SERVICE</LEDGERNAME>
              <GSTCLASS/>
              <ISDEEMEDPOSITIVE>No</ISDEEMEDPOSITIVE>
              <LEDGERFROMITEM>No</LEDGERFROMITEM>
              <REMOVEZEROENTRIES>No</REMOVEZEROENTRIES>
              <ISPARTYLEDGER>Yes</ISPARTYLEDGER>
              <AMOUNT>31200.00</AMOUNT>
            </ALLLEDGERENTRIES.LIST>
            <ALLLEDGERENTRIES.LIST>
              <LEDGERNAME>SGST @ 9%</LEDGERNAME>
              <GSTCLASS/>
              <ISDEEMEDPOSITIVE>No</ISDEEMEDPOSITIVE>
              <LEDGERFROMITEM>No</LEDGERFROMITEM>
              <REMOVEZEROENTRIES>No</REMOVEZEROENTRIES>
              <ISPARTYLEDGER>Yes</ISPARTYLEDGER>
              <AMOUNT>411.09</AMOUNT>
            </ALLLEDGERENTRIES.LIST>
            <ALLLEDGERENTRIES.LIST>
              <LEDGERNAME>CGST @ 9%</LEDGERNAME>
              <GSTCLASS/>
              <ISDEEMEDPOSITIVE>No</ISDEEMEDPOSITIVE>
              <LEDGERFROMITEM>No</LEDGERFROMITEM>
              <REMOVEZEROENTRIES>No</REMOVEZEROENTRIES>
              <ISPARTYLEDGER>Yes</ISPARTYLEDGER>
              <AMOUNT>411.09</AMOUNT>
            </ALLLEDGERENTRIES.LIST>
          </VOUCHER>
        </VOUCHER>
        <VOUCHER>
          <VOUCHER REMOTEID="SR2147325611" VCHTYPE="Service" ACTION="Create">
            <DATE>20180302</DATE>
            <GUID>2147325611</GUID>
            <NARRATION>Our WO No: undefined Packing Note No: 08285/ undefined</NARRATION>
            <VOUCHERTYPENAME>Sales</VOUCHERTYPENAME>
            <VOUCHERNUMBER>SR /JS4947 / undefined</VOUCHERNUMBER>
            <REFERENCE>4510045418 DT24/02/18 DC NO 241 DT01/03/18</REFERENCE>
            <PARTYLEDGERNAME>SCHENCK PROCESS INDIA PRIVATE LIMITED</PARTYLEDGERNAME>
            <CSTFORMISSUETYPE/>
            <CSTFORMRECVTYPE/>
            <FBTPAYMENTTYPE>Default</FBTPAYMENTTYPE>
            <VCHGSTCLASS/>
            <DIFFACTUALQTY>No</DIFFACTUALQTY>
            <AUDITED>No</AUDITED>
            <FORJOBCOSTING>No</FORJOBCOSTING>
            <ISOPTIONAL>No</ISOPTIONAL>
            <EFFECTIVEDATE>20180302</EFFECTIVEDATE>
            <USEFORINTEREST>No</USEFORINTEREST>
            <USEFORGAINLOSS>No</USEFORGAINLOSS>
            <USEFORGODOWNTRANSFER>No</USEFORGODOWNTRANSFER>
            <USEFORCOMPOUND>No</USEFORCOMPOUND>
            <ALTERID>30</ALTERID>
            <EXCISEOPENING>No</EXCISEOPENING>
            <ISCANCELLED>No</ISCANCELLED>
            <HASCASHFLOW>No</HASCASHFLOW>
            <ISPOSTDATED>No</ISPOSTDATED>
            <USETRACKINGNUMBER>No</USETRACKINGNUMBER>
            <ISINVOICE>No</ISINVOICE>
            <MFGJOURNAL>No</MFGJOURNAL>
            <HASDISCOUNTS>No</HASDISCOUNTS>
            <ASPAYSLIP>No</ASPAYSLIP>
            <ISDELETED>No</ISDELETED>
            <ASORIGINAL>No</ASORIGINAL>
            <ALLLEDGERENTRIES.LIST>
              <LEDGERNAME>SCHENCK PROCESS INDIA PRIVATE LIMITED</LEDGERNAME>
              <GSTCLASS/>
              <ISDEEMEDPOSITIVE>Yes</ISDEEMEDPOSITIVE>
              <LEDGERFROMITEM>No</LEDGERFROMITEM>
              <REMOVEZEROENTRIES>No</REMOVEZEROENTRIES>
              <ISPARTYLEDGER>Yes</ISPARTYLEDGER>
              <AMOUNT>-12785</AMOUNT>
              <BILLALLOCATIONS.LIST>
                <NAME>SR /JS4947 / undefined</NAME>
                <BILLCREDITPERIOD>NaN</BILLCREDITPERIOD>
                <BILLTYPE>New Ref</BILLTYPE>
                <AMOUNT>-12785</AMOUNT>
              </BILLALLOCATIONS.LIST>
            </ALLLEDGERENTRIES.LIST>
            <ALLLEDGERENTRIES.LIST>
              <LEDGERNAME>SERVICE</LEDGERNAME>
              <GSTCLASS/>
              <ISDEEMEDPOSITIVE>No</ISDEEMEDPOSITIVE>
              <LEDGERFROMITEM>No</LEDGERFROMITEM>
              <REMOVEZEROENTRIES>No</REMOVEZEROENTRIES>
              <ISPARTYLEDGER>Yes</ISPARTYLEDGER>
              <AMOUNT>10835.00</AMOUNT>
            </ALLLEDGERENTRIES.LIST>
            <ALLLEDGERENTRIES.LIST>
              <LEDGERNAME>SGST @ 9%</LEDGERNAME>
              <GSTCLASS/>
              <ISDEEMEDPOSITIVE>No</ISDEEMEDPOSITIVE>
              <LEDGERFROMITEM>No</LEDGERFROMITEM>
              <REMOVEZEROENTRIES>No</REMOVEZEROENTRIES>
              <ISPARTYLEDGER>Yes</ISPARTYLEDGER>
              <AMOUNT>411.09</AMOUNT>
            </ALLLEDGERENTRIES.LIST>
            <ALLLEDGERENTRIES.LIST>
              <LEDGERNAME>CGST @ 9%</LEDGERNAME>
              <GSTCLASS/>
              <ISDEEMEDPOSITIVE>No</ISDEEMEDPOSITIVE>
              <LEDGERFROMITEM>No</LEDGERFROMITEM>
              <REMOVEZEROENTRIES>No</REMOVEZEROENTRIES>
              <ISPARTYLEDGER>Yes</ISPARTYLEDGER>
              <AMOUNT>411.09</AMOUNT>
            </ALLLEDGERENTRIES.LIST>
            <ALLLEDGERENTRIES.LIST>
              <LEDGERNAME>Round Off</LEDGERNAME>
              <GSTCLASS/>
              <ISDEEMEDPOSITIVE>Yes</ISDEEMEDPOSITIVE>
              <LEDGERFROMITEM>No</LEDGERFROMITEM>
              <REMOVEZEROENTRIES>No</REMOVEZEROENTRIES>
              <ISPARTYLEDGER>Yes</ISPARTYLEDGER>
              <AMOUNT>-0.30</AMOUNT>
            </ALLLEDGERENTRIES.LIST>
          </VOUCHER>
        </VOUCHER>
      </TALLYMESSAGE>
    </IMPORTDATA>
  </BODY>
</ENVELOPE>