<ENVELOPE>
  <HEADER>
    <TALLYREQUEST>Import Data</TALLYREQUEST>
  </HEADER>
  <BODY>
    <IMPORTDATA>
      <REQUESTDESC>
        <REPORTNAME>Vouchers</REPORTNAME>
        <STATICVARIABLES>
          <SVCURRENTCOMPANY>MLMPL_Jigani_2023_24</SVCURRENTCOMPANY>
        </STATICVARIABLES>
      </REQUESTDESC>
      <TALLYMESSAGE xmlns:UDF="TallyUDF">
        <VOUCHER REMOTEID="SL2147388451" VCHTYPE="Sales" ACTION="Create">
          <DATE>20240402</DATE>
          <GUID>2147388451</GUID>
          <NARRATION>Our WO No: 241539 Packing Note No: 00027/ 24/25</NARRATION>
          <VOUCHERTYPENAME>Sales</VOUCHERTYPENAME>
          <VOUCHERNUMBER>SL /JG0008 / 24/25</VOUCHERNUMBER>
          <REFERENCE>PO02658  23/03/2024 04:39:57</REFERENCE>
          <PARTYLEDGERNAME>ENGINEERED POLYMERS INDIA PVT LTD</PARTYLEDGERNAME>
          <CSTFORMISSUETYPE/>
          <CSTFORMRECVTYPE/>
          <FBTPAYMENTTYPE>Default</FBTPAYMENTTYPE>
          <VCHGSTCLASS/>
          <DIFFACTUALQTY>No</DIFFACTUALQTY>
          <AUDITED>No</AUDITED>
          <FORJOBCOSTING>No</FORJOBCOSTING>
          <ISOPTIONAL>No</ISOPTIONAL>
          <EFFECTIVEDATE>20240402</EFFECTIVEDATE>
          <USEFORINTEREST>No</USEFORINTEREST>
          <USEFORGAINLOSS>No</USEFORGAINLOSS>
          <USEFORGODOWNTRANSFER>No</USEFORGODOWNTRANSFER>
          <USEFORCOMPOUND>No</USEFORCOMPOUND>
          <ALTERID>2</ALTERID>
          <EXCISEOPENING>No</EXCISEOPENING>
          <ISCANCELLED>No</ISCANCELLED>
          <HASCASHFLOW>No</HASCASHFLOW>
          <ISPOSTDATED>No</ISPOSTDATED>
          <USETRACKINGNUMBER>No</USETRACKINGNUMBER>
          <ISINVOICE>No</ISINVOICE>
          <MFGJOURNAL>No</MFGJOURNAL>
          <HASDISCOUNTS>No</HASDISCOUNTS>
          <ASPAYSLIP>No</ASPAYSLIP>
          <ISDELETED>No</ISDELETED>
          <ASORIGINAL>No</ASORIGINAL>
          <ALLLEDGERENTRIES.LIST>
            <LEDGERNAME>ENGINEERED POLYMERS INDIA PVT LTD</LEDGERNAME>
            <GSTCLASS/>
            <ISDEEMEDPOSITIVE>Yes</ISDEEMEDPOSITIVE>
            <LEDGERFROMITEM>No</LEDGERFROMITEM>
            <REMOVEZEROENTRIES>No</REMOVEZEROENTRIES>
            <ISPARTYLEDGER>Yes</ISPARTYLEDGER>
            <AMOUNT>-3227</AMOUNT>
            <BILLALLOCATIONS.LIST>
              <NAME>SL /JG0008 / 24/25</NAME>
              <BILLCREDITPERIOD>7</BILLCREDITPERIOD>
              <BILLTYPE>New Ref</BILLTYPE>
              <AMOUNT>-3227</AMOUNT>
            </BILLALLOCATIONS.LIST>
          </ALLLEDGERENTRIES.LIST>
          <ALLLEDGERENTRIES.LIST>
            <LEDGERNAME>SALES</LEDGERNAME>
            <GSTCLASS/>
            <ISDEEMEDPOSITIVE>Yes</ISDEEMEDPOSITIVE>
            <LEDGERFROMITEM>No</LEDGERFROMITEM>
            <REMOVEZEROENTRIES>No</REMOVEZEROENTRIES>
            <ISPARTYLEDGER>Yes</ISPARTYLEDGER>
            <AMOUNT>2735.00</AMOUNT>
          </ALLLEDGERENTRIES.LIST>
          <ALLLEDGERENTRIES.LIST>
            <LEDGERNAME>CGST @ 9%</LEDGERNAME>
            <GSTCLASS/>
            <ISDEEMEDPOSITIVE>Yes</ISDEEMEDPOSITIVE>
            <LEDGERFROMITEM>No</LEDGERFROMITEM>
            <REMOVEZEROENTRIES>No</REMOVEZEROENTRIES>
            <ISPARTYLEDGER>Yes</ISPARTYLEDGER>
            <AMOUNT>246.15</AMOUNT>
          </ALLLEDGERENTRIES.LIST>
          <ALLLEDGERENTRIES.LIST>
            <LEDGERNAME>SGST @ 9%</LEDGERNAME>
            <GSTCLASS/>
            <ISDEEMEDPOSITIVE>Yes</ISDEEMEDPOSITIVE>
            <LEDGERFROMITEM>No</LEDGERFROMITEM>
            <REMOVEZEROENTRIES>No</REMOVEZEROENTRIES>
            <ISPARTYLEDGER>Yes</ISPARTYLEDGER>
            <AMOUNT>246.15</AMOUNT>
          </ALLLEDGERENTRIES.LIST>
          <ALLLEDGERENTRIES.LIST>
            <LEDGERNAME>Round Off</LEDGERNAME>
            <GSTCLASS/>
            <ISDEEMEDPOSITIVE>Yes</ISDEEMEDPOSITIVE>
            <LEDGERFROMITEM>No</LEDGERFROMITEM>
            <REMOVEZEROENTRIES>No</REMOVEZEROENTRIES>
            <ISPARTYLEDGER>Yes</ISPARTYLEDGER>
            <AMOUNT>-0.30</AMOUNT>
          </ALLLEDGERENTRIES.LIST>
        </VOUCHER>
      </TALLYMESSAGE>
      <TALLYMESSAGE xmlns:UDF="TallyUDF">
        <VOUCHER REMOTEID="SL2147388456" VCHTYPE="Sales" ACTION="Create">
          <DATE>20240402</DATE>
          <GUID>2147388456</GUID>
          <NARRATION>Our WO No: 241278 Packing Note No: 00032/ 24/25</NARRATION>
          <VOUCHERTYPENAME>Sales</VOUCHERTYPENAME>
          <VOUCHERNUMBER>SL /JG0009 / 24/25</VOUCHERNUMBER>
          <REFERENCE>903/23-24 Dt-06/02/2024</REFERENCE>
          <PARTYLEDGERNAME>VIMAN MULTIPLUG PVT. LTD.</PARTYLEDGERNAME>
          <CSTFORMISSUETYPE/>
          <CSTFORMRECVTYPE/>
          <FBTPAYMENTTYPE>Default</FBTPAYMENTTYPE>
          <VCHGSTCLASS/>
          <DIFFACTUALQTY>No</DIFFACTUALQTY>
          <AUDITED>No</AUDITED>
          <FORJOBCOSTING>No</FORJOBCOSTING>
          <ISOPTIONAL>No</ISOPTIONAL>
          <EFFECTIVEDATE>20240402</EFFECTIVEDATE>
          <USEFORINTEREST>No</USEFORINTEREST>
          <USEFORGAINLOSS>No</USEFORGAINLOSS>
          <USEFORGODOWNTRANSFER>No</USEFORGODOWNTRANSFER>
          <USEFORCOMPOUND>No</USEFORCOMPOUND>
          <ALTERID>2</ALTERID>
          <EXCISEOPENING>No</EXCISEOPENING>
          <ISCANCELLED>No</ISCANCELLED>
          <HASCASHFLOW>No</HASCASHFLOW>
          <ISPOSTDATED>No</ISPOSTDATED>
          <USETRACKINGNUMBER>No</USETRACKINGNUMBER>
          <ISINVOICE>No</ISINVOICE>
          <MFGJOURNAL>No</MFGJOURNAL>
          <HASDISCOUNTS>No</HASDISCOUNTS>
          <ASPAYSLIP>No</ASPAYSLIP>
          <ISDELETED>No</ISDELETED>
          <ASORIGINAL>No</ASORIGINAL>
          <ALLLEDGERENTRIES.LIST>
            <LEDGERNAME>VIMAN MULTIPLUG PVT. LTD.</LEDGERNAME>
            <GSTCLASS/>
            <ISDEEMEDPOSITIVE>Yes</ISDEEMEDPOSITIVE>
            <LEDGERFROMITEM>No</LEDGERFROMITEM>
            <REMOVEZEROENTRIES>No</REMOVEZEROENTRIES>
            <ISPARTYLEDGER>Yes</ISPARTYLEDGER>
            <AMOUNT>-6765</AMOUNT>
            <BILLALLOCATIONS.LIST>
              <NAME>SL /JG0009 / 24/25</NAME>
              <BILLCREDITPERIOD>60</BILLCREDITPERIOD>
              <BILLTYPE>New Ref</BILLTYPE>
              <AMOUNT>-6765</AMOUNT>
            </BILLALLOCATIONS.LIST>
          </ALLLEDGERENTRIES.LIST>
          <ALLLEDGERENTRIES.LIST>
            <LEDGERNAME>SALES</LEDGERNAME>
            <GSTCLASS/>
            <ISDEEMEDPOSITIVE>Yes</ISDEEMEDPOSITIVE>
            <LEDGERFROMITEM>No</LEDGERFROMITEM>
            <REMOVEZEROENTRIES>No</REMOVEZEROENTRIES>
            <ISPARTYLEDGER>Yes</ISPARTYLEDGER>
            <AMOUNT>5733.00</AMOUNT>
          </ALLLEDGERENTRIES.LIST>
          <ALLLEDGERENTRIES.LIST>
            <LEDGERNAME>CGST @ 9%</LEDGERNAME>
            <GSTCLASS/>
            <ISDEEMEDPOSITIVE>Yes</ISDEEMEDPOSITIVE>
            <LEDGERFROMITEM>No</LEDGERFROMITEM>
            <REMOVEZEROENTRIES>No</REMOVEZEROENTRIES>
            <ISPARTYLEDGER>Yes</ISPARTYLEDGER>
            <AMOUNT>515.97</AMOUNT>
          </ALLLEDGERENTRIES.LIST>
          <ALLLEDGERENTRIES.LIST>
            <LEDGERNAME>SGST @ 9%</LEDGERNAME>
            <GSTCLASS/>
            <ISDEEMEDPOSITIVE>Yes</ISDEEMEDPOSITIVE>
            <LEDGERFROMITEM>No</LEDGERFROMITEM>
            <REMOVEZEROENTRIES>No</REMOVEZEROENTRIES>
            <ISPARTYLEDGER>Yes</ISPARTYLEDGER>
            <AMOUNT>515.97</AMOUNT>
          </ALLLEDGERENTRIES.LIST>
          <ALLLEDGERENTRIES.LIST>
            <LEDGERNAME>Round Off</LEDGERNAME>
            <GSTCLASS/>
            <ISDEEMEDPOSITIVE>Yes</ISDEEMEDPOSITIVE>
            <LEDGERFROMITEM>No</LEDGERFROMITEM>
            <REMOVEZEROENTRIES>No</REMOVEZEROENTRIES>
            <ISPARTYLEDGER>Yes</ISPARTYLEDGER>
            <AMOUNT>0.06</AMOUNT>
          </ALLLEDGERENTRIES.LIST>
        </VOUCHER>
      </TALLYMESSAGE>
      <TALLYMESSAGE xmlns:UDF="TallyUDF">
        <VOUCHER REMOTEID="SL2147388459" VCHTYPE="Sales" ACTION="Create">
          <DATE>20240402</DATE>
          <GUID>2147388459</GUID>
          <NARRATION>Our WO No: 241631 Packing Note No: 00033/ 24/25</NARRATION>
          <VOUCHERTYPENAME>Sales</VOUCHERTYPENAME>
          <VOUCHERNUMBER>SL /JG0010 / 24/25</VOUCHERNUMBER>
          <REFERENCE>PO-00040 DT 30/03/2024</REFERENCE>
          <PARTYLEDGERNAME>MARS MANUFACTURING SOLUTIONS</PARTYLEDGERNAME>
          <CSTFORMISSUETYPE/>
          <CSTFORMRECVTYPE/>
          <FBTPAYMENTTYPE>Default</FBTPAYMENTTYPE>
          <VCHGSTCLASS/>
          <DIFFACTUALQTY>No</DIFFACTUALQTY>
          <AUDITED>No</AUDITED>
          <FORJOBCOSTING>No</FORJOBCOSTING>
          <ISOPTIONAL>No</ISOPTIONAL>
          <EFFECTIVEDATE>20240402</EFFECTIVEDATE>
          <USEFORINTEREST>No</USEFORINTEREST>
          <USEFORGAINLOSS>No</USEFORGAINLOSS>
          <USEFORGODOWNTRANSFER>No</USEFORGODOWNTRANSFER>
          <USEFORCOMPOUND>No</USEFORCOMPOUND>
          <ALTERID>2</ALTERID>
          <EXCISEOPENING>No</EXCISEOPENING>
          <ISCANCELLED>No</ISCANCELLED>
          <HASCASHFLOW>No</HASCASHFLOW>
          <ISPOSTDATED>No</ISPOSTDATED>
          <USETRACKINGNUMBER>No</USETRACKINGNUMBER>
          <ISINVOICE>No</ISINVOICE>
          <MFGJOURNAL>No</MFGJOURNAL>
          <HASDISCOUNTS>No</HASDISCOUNTS>
          <ASPAYSLIP>No</ASPAYSLIP>
          <ISDELETED>No</ISDELETED>
          <ASORIGINAL>No</ASORIGINAL>
          <ALLLEDGERENTRIES.LIST>
            <LEDGERNAME>MARS MANUFACTURING SOLUTIONS</LEDGERNAME>
            <GSTCLASS/>
            <ISDEEMEDPOSITIVE>Yes</ISDEEMEDPOSITIVE>
            <LEDGERFROMITEM>No</LEDGERFROMITEM>
            <REMOVEZEROENTRIES>No</REMOVEZEROENTRIES>
            <ISPARTYLEDGER>Yes</ISPARTYLEDGER>
            <AMOUNT>-31860</AMOUNT>
            <BILLALLOCATIONS.LIST>
              <NAME>SL /JG0010 / 24/25</NAME>
              <BILLCREDITPERIOD>15</BILLCREDITPERIOD>
              <BILLTYPE>New Ref</BILLTYPE>
              <AMOUNT>-31860</AMOUNT>
            </BILLALLOCATIONS.LIST>
          </ALLLEDGERENTRIES.LIST>
          <ALLLEDGERENTRIES.LIST>
            <LEDGERNAME>SALES</LEDGERNAME>
            <GSTCLASS/>
            <ISDEEMEDPOSITIVE>Yes</ISDEEMEDPOSITIVE>
            <LEDGERFROMITEM>No</LEDGERFROMITEM>
            <REMOVEZEROENTRIES>No</REMOVEZEROENTRIES>
            <ISPARTYLEDGER>Yes</ISPARTYLEDGER>
            <AMOUNT>27000.00</AMOUNT>
          </ALLLEDGERENTRIES.LIST>
          <ALLLEDGERENTRIES.LIST>
            <LEDGERNAME>CGST @ 9%</LEDGERNAME>
            <GSTCLASS/>
            <ISDEEMEDPOSITIVE>Yes</ISDEEMEDPOSITIVE>
            <LEDGERFROMITEM>No</LEDGERFROMITEM>
            <REMOVEZEROENTRIES>No</REMOVEZEROENTRIES>
            <ISPARTYLEDGER>Yes</ISPARTYLEDGER>
            <AMOUNT>2430.00</AMOUNT>
          </ALLLEDGERENTRIES.LIST>
          <ALLLEDGERENTRIES.LIST>
            <LEDGERNAME>SGST @ 9%</LEDGERNAME>
            <GSTCLASS/>
            <ISDEEMEDPOSITIVE>Yes</ISDEEMEDPOSITIVE>
            <LEDGERFROMITEM>No</LEDGERFROMITEM>
            <REMOVEZEROENTRIES>No</REMOVEZEROENTRIES>
            <ISPARTYLEDGER>Yes</ISPARTYLEDGER>
            <AMOUNT>2430.00</AMOUNT>
          </ALLLEDGERENTRIES.LIST>
        </VOUCHER>
      </TALLYMESSAGE>
      <TALLYMESSAGE xmlns:UDF="TallyUDF">
        <VOUCHER REMOTEID="SL2147388460" VCHTYPE="Sales" ACTION="Create">
          <DATE>20240402</DATE>
          <GUID>2147388460</GUID>
          <NARRATION>Our WO No: 241660 Packing Note No: 00034/ 24/25</NARRATION>
          <VOUCHERTYPENAME>Sales</VOUCHERTYPENAME>
          <VOUCHERNUMBER>SL /JG0011 / 24/25</VOUCHERNUMBER>
          <REFERENCE>PO 001/24-25-  DATE-01-04-2024</REFERENCE>
          <PARTYLEDGERNAME>CHATURVEDI TECHNOLOGIES</PARTYLEDGERNAME>
          <CSTFORMISSUETYPE/>
          <CSTFORMRECVTYPE/>
          <FBTPAYMENTTYPE>Default</FBTPAYMENTTYPE>
          <VCHGSTCLASS/>
          <DIFFACTUALQTY>No</DIFFACTUALQTY>
          <AUDITED>No</AUDITED>
          <FORJOBCOSTING>No</FORJOBCOSTING>
          <ISOPTIONAL>No</ISOPTIONAL>
          <EFFECTIVEDATE>20240402</EFFECTIVEDATE>
          <USEFORINTEREST>No</USEFORINTEREST>
          <USEFORGAINLOSS>No</USEFORGAINLOSS>
          <USEFORGODOWNTRANSFER>No</USEFORGODOWNTRANSFER>
          <USEFORCOMPOUND>No</USEFORCOMPOUND>
          <ALTERID>2</ALTERID>
          <EXCISEOPENING>No</EXCISEOPENING>
          <ISCANCELLED>No</ISCANCELLED>
          <HASCASHFLOW>No</HASCASHFLOW>
          <ISPOSTDATED>No</ISPOSTDATED>
          <USETRACKINGNUMBER>No</USETRACKINGNUMBER>
          <ISINVOICE>No</ISINVOICE>
          <MFGJOURNAL>No</MFGJOURNAL>
          <HASDISCOUNTS>No</HASDISCOUNTS>
          <ASPAYSLIP>No</ASPAYSLIP>
          <ISDELETED>No</ISDELETED>
          <ASORIGINAL>No</ASORIGINAL>
          <ALLLEDGERENTRIES.LIST>
            <LEDGERNAME>CHATURVEDI TECHNOLOGIES</LEDGERNAME>
            <GSTCLASS/>
            <ISDEEMEDPOSITIVE>Yes</ISDEEMEDPOSITIVE>
            <LEDGERFROMITEM>No</LEDGERFROMITEM>
            <REMOVEZEROENTRIES>No</REMOVEZEROENTRIES>
            <ISPARTYLEDGER>Yes</ISPARTYLEDGER>
            <AMOUNT>-3199</AMOUNT>
            <BILLALLOCATIONS.LIST>
              <NAME>SL /JG0011 / 24/25</NAME>
              <BILLCREDITPERIOD>30</BILLCREDITPERIOD>
              <BILLTYPE>New Ref</BILLTYPE>
              <AMOUNT>-3199</AMOUNT>
            </BILLALLOCATIONS.LIST>
          </ALLLEDGERENTRIES.LIST>
          <ALLLEDGERENTRIES.LIST>
            <LEDGERNAME>SALES</LEDGERNAME>
            <GSTCLASS/>
            <ISDEEMEDPOSITIVE>Yes</ISDEEMEDPOSITIVE>
            <LEDGERFROMITEM>No</LEDGERFROMITEM>
            <REMOVEZEROENTRIES>No</REMOVEZEROENTRIES>
            <ISPARTYLEDGER>Yes</ISPARTYLEDGER>
            <AMOUNT>2711.12</AMOUNT>
          </ALLLEDGERENTRIES.LIST>
          <ALLLEDGERENTRIES.LIST>
            <LEDGERNAME>CGST @ 9%</LEDGERNAME>
            <GSTCLASS/>
            <ISDEEMEDPOSITIVE>Yes</ISDEEMEDPOSITIVE>
            <LEDGERFROMITEM>No</LEDGERFROMITEM>
            <REMOVEZEROENTRIES>No</REMOVEZEROENTRIES>
            <ISPARTYLEDGER>Yes</ISPARTYLEDGER>
            <AMOUNT>244.00</AMOUNT>
          </ALLLEDGERENTRIES.LIST>
          <ALLLEDGERENTRIES.LIST>
            <LEDGERNAME>SGST @ 9%</LEDGERNAME>
            <GSTCLASS/>
            <ISDEEMEDPOSITIVE>Yes</ISDEEMEDPOSITIVE>
            <LEDGERFROMITEM>No</LEDGERFROMITEM>
            <REMOVEZEROENTRIES>No</REMOVEZEROENTRIES>
            <ISPARTYLEDGER>Yes</ISPARTYLEDGER>
            <AMOUNT>244.00</AMOUNT>
          </ALLLEDGERENTRIES.LIST>
          <ALLLEDGERENTRIES.LIST>
            <LEDGERNAME>Round Off</LEDGERNAME>
            <GSTCLASS/>
            <ISDEEMEDPOSITIVE>Yes</ISDEEMEDPOSITIVE>
            <LEDGERFROMITEM>No</LEDGERFROMITEM>
            <REMOVEZEROENTRIES>No</REMOVEZEROENTRIES>
            <ISPARTYLEDGER>Yes</ISPARTYLEDGER>
            <AMOUNT>-0.12</AMOUNT>
          </ALLLEDGERENTRIES.LIST>
        </VOUCHER>
      </TALLYMESSAGE>
      <TALLYMESSAGE xmlns:UDF="TallyUDF">
        <VOUCHER REMOTEID="SL2147388450" VCHTYPE="Sales" ACTION="Create">
          <DATE>20240402</DATE>
          <GUID>2147388450</GUID>
          <NARRATION>Our WO No: 241625 Packing Note No: 00026/ 24/25</NARRATION>
          <VOUCHERTYPENAME>Sales</VOUCHERTYPENAME>
          <VOUCHERNUMBER>SL /JS0017 / 24/25</VOUCHERNUMBER>
          <REFERENCE> OA No: AM082231158, PO No-7338</REFERENCE>
          <PARTYLEDGERNAME>ALLIED MOULDED ENCLOSURE PRODUCTS (INDIA) PVT LTD</PARTYLEDGERNAME>
          <CSTFORMISSUETYPE/>
          <CSTFORMRECVTYPE/>
          <FBTPAYMENTTYPE>Default</FBTPAYMENTTYPE>
          <VCHGSTCLASS/>
          <DIFFACTUALQTY>No</DIFFACTUALQTY>
          <AUDITED>No</AUDITED>
          <FORJOBCOSTING>No</FORJOBCOSTING>
          <ISOPTIONAL>No</ISOPTIONAL>
          <EFFECTIVEDATE>20240402</EFFECTIVEDATE>
          <USEFORINTEREST>No</USEFORINTEREST>
          <USEFORGAINLOSS>No</USEFORGAINLOSS>
          <USEFORGODOWNTRANSFER>No</USEFORGODOWNTRANSFER>
          <USEFORCOMPOUND>No</USEFORCOMPOUND>
          <ALTERID>2</ALTERID>
          <EXCISEOPENING>No</EXCISEOPENING>
          <ISCANCELLED>No</ISCANCELLED>
          <HASCASHFLOW>No</HASCASHFLOW>
          <ISPOSTDATED>No</ISPOSTDATED>
          <USETRACKINGNUMBER>No</USETRACKINGNUMBER>
          <ISINVOICE>No</ISINVOICE>
          <MFGJOURNAL>No</MFGJOURNAL>
          <HASDISCOUNTS>No</HASDISCOUNTS>
          <ASPAYSLIP>No</ASPAYSLIP>
          <ISDELETED>No</ISDELETED>
          <ASORIGINAL>No</ASORIGINAL>
          <ALLLEDGERENTRIES.LIST>
            <LEDGERNAME>ALLIED MOULDED ENCLOSURE PRODUCTS (INDIA) PVT LTD</LEDGERNAME>
            <GSTCLASS/>
            <ISDEEMEDPOSITIVE>Yes</ISDEEMEDPOSITIVE>
            <LEDGERFROMITEM>No</LEDGERFROMITEM>
            <REMOVEZEROENTRIES>No</REMOVEZEROENTRIES>
            <ISPARTYLEDGER>Yes</ISPARTYLEDGER>
            <AMOUNT>-1537</AMOUNT>
            <BILLALLOCATIONS.LIST>
              <NAME>SL /JS0017 / 24/25</NAME>
              <BILLCREDITPERIOD>45</BILLCREDITPERIOD>
              <BILLTYPE>New Ref</BILLTYPE>
              <AMOUNT>-1537</AMOUNT>
            </BILLALLOCATIONS.LIST>
          </ALLLEDGERENTRIES.LIST>
          <ALLLEDGERENTRIES.LIST>
            <LEDGERNAME>JOBWORK</LEDGERNAME>
            <GSTCLASS/>
            <ISDEEMEDPOSITIVE>Yes</ISDEEMEDPOSITIVE>
            <LEDGERFROMITEM>No</LEDGERFROMITEM>
            <REMOVEZEROENTRIES>No</REMOVEZEROENTRIES>
            <ISPARTYLEDGER>Yes</ISPARTYLEDGER>
            <AMOUNT>1372.00</AMOUNT>
          </ALLLEDGERENTRIES.LIST>
          <ALLLEDGERENTRIES.LIST>
            <LEDGERNAME>CGST @ 6%</LEDGERNAME>
            <GSTCLASS/>
            <ISDEEMEDPOSITIVE>Yes</ISDEEMEDPOSITIVE>
            <LEDGERFROMITEM>No</LEDGERFROMITEM>
            <REMOVEZEROENTRIES>No</REMOVEZEROENTRIES>
            <ISPARTYLEDGER>Yes</ISPARTYLEDGER>
            <AMOUNT>82.32</AMOUNT>
          </ALLLEDGERENTRIES.LIST>
          <ALLLEDGERENTRIES.LIST>
            <LEDGERNAME>SGST @ 6%</LEDGERNAME>
            <GSTCLASS/>
            <ISDEEMEDPOSITIVE>Yes</ISDEEMEDPOSITIVE>
            <LEDGERFROMITEM>No</LEDGERFROMITEM>
            <REMOVEZEROENTRIES>No</REMOVEZEROENTRIES>
            <ISPARTYLEDGER>Yes</ISPARTYLEDGER>
            <AMOUNT>82.32</AMOUNT>
          </ALLLEDGERENTRIES.LIST>
          <ALLLEDGERENTRIES.LIST>
            <LEDGERNAME>Round Off</LEDGERNAME>
            <GSTCLASS/>
            <ISDEEMEDPOSITIVE>Yes</ISDEEMEDPOSITIVE>
            <LEDGERFROMITEM>No</LEDGERFROMITEM>
            <REMOVEZEROENTRIES>No</REMOVEZEROENTRIES>
            <ISPARTYLEDGER>Yes</ISPARTYLEDGER>
            <AMOUNT>0.36</AMOUNT>
          </ALLLEDGERENTRIES.LIST>
        </VOUCHER>
      </TALLYMESSAGE>
      <TALLYMESSAGE xmlns:UDF="TallyUDF">
        <VOUCHER REMOTEID="SL2147388449" VCHTYPE="Sales" ACTION="Create">
          <DATE>20240402</DATE>
          <GUID>2147388449</GUID>
          <NARRATION>Our WO No: 241644 Packing Note No: 00025/ 24/25</NARRATION>
          <VOUCHERTYPENAME>Sales</VOUCHERTYPENAME>
          <VOUCHERNUMBER>SL /JS0018 / 24/25</VOUCHERNUMBER>
          <REFERENCE>PO No: 7341</REFERENCE>
          <PARTYLEDGERNAME>ALLIED MOULDED ENCLOSURE PRODUCTS (INDIA) PVT LTD</PARTYLEDGERNAME>
          <CSTFORMISSUETYPE/>
          <CSTFORMRECVTYPE/>
          <FBTPAYMENTTYPE>Default</FBTPAYMENTTYPE>
          <VCHGSTCLASS/>
          <DIFFACTUALQTY>No</DIFFACTUALQTY>
          <AUDITED>No</AUDITED>
          <FORJOBCOSTING>No</FORJOBCOSTING>
          <ISOPTIONAL>No</ISOPTIONAL>
          <EFFECTIVEDATE>20240402</EFFECTIVEDATE>
          <USEFORINTEREST>No</USEFORINTEREST>
          <USEFORGAINLOSS>No</USEFORGAINLOSS>
          <USEFORGODOWNTRANSFER>No</USEFORGODOWNTRANSFER>
          <USEFORCOMPOUND>No</USEFORCOMPOUND>
          <ALTERID>2</ALTERID>
          <EXCISEOPENING>No</EXCISEOPENING>
          <ISCANCELLED>No</ISCANCELLED>
          <HASCASHFLOW>No</HASCASHFLOW>
          <ISPOSTDATED>No</ISPOSTDATED>
          <USETRACKINGNUMBER>No</USETRACKINGNUMBER>
          <ISINVOICE>No</ISINVOICE>
          <MFGJOURNAL>No</MFGJOURNAL>
          <HASDISCOUNTS>No</HASDISCOUNTS>
          <ASPAYSLIP>No</ASPAYSLIP>
          <ISDELETED>No</ISDELETED>
          <ASORIGINAL>No</ASORIGINAL>
          <ALLLEDGERENTRIES.LIST>
            <LEDGERNAME>ALLIED MOULDED ENCLOSURE PRODUCTS (INDIA) PVT LTD</LEDGERNAME>
            <GSTCLASS/>
            <ISDEEMEDPOSITIVE>Yes</ISDEEMEDPOSITIVE>
            <LEDGERFROMITEM>No</LEDGERFROMITEM>
            <REMOVEZEROENTRIES>No</REMOVEZEROENTRIES>
            <ISPARTYLEDGER>Yes</ISPARTYLEDGER>
            <AMOUNT>-3987</AMOUNT>
            <BILLALLOCATIONS.LIST>
              <NAME>SL /JS0018 / 24/25</NAME>
              <BILLCREDITPERIOD>45</BILLCREDITPERIOD>
              <BILLTYPE>New Ref</BILLTYPE>
              <AMOUNT>-3987</AMOUNT>
            </BILLALLOCATIONS.LIST>
          </ALLLEDGERENTRIES.LIST>
          <ALLLEDGERENTRIES.LIST>
            <LEDGERNAME>JOBWORK</LEDGERNAME>
            <GSTCLASS/>
            <ISDEEMEDPOSITIVE>Yes</ISDEEMEDPOSITIVE>
            <LEDGERFROMITEM>No</LEDGERFROMITEM>
            <REMOVEZEROENTRIES>No</REMOVEZEROENTRIES>
            <ISPARTYLEDGER>Yes</ISPARTYLEDGER>
            <AMOUNT>3560.00</AMOUNT>
          </ALLLEDGERENTRIES.LIST>
          <ALLLEDGERENTRIES.LIST>
            <LEDGERNAME>CGST @ 6%</LEDGERNAME>
            <GSTCLASS/>
            <ISDEEMEDPOSITIVE>Yes</ISDEEMEDPOSITIVE>
            <LEDGERFROMITEM>No</LEDGERFROMITEM>
            <REMOVEZEROENTRIES>No</REMOVEZEROENTRIES>
            <ISPARTYLEDGER>Yes</ISPARTYLEDGER>
            <AMOUNT>213.60</AMOUNT>
          </ALLLEDGERENTRIES.LIST>
          <ALLLEDGERENTRIES.LIST>
            <LEDGERNAME>SGST @ 6%</LEDGERNAME>
            <GSTCLASS/>
            <ISDEEMEDPOSITIVE>Yes</ISDEEMEDPOSITIVE>
            <LEDGERFROMITEM>No</LEDGERFROMITEM>
            <REMOVEZEROENTRIES>No</REMOVEZEROENTRIES>
            <ISPARTYLEDGER>Yes</ISPARTYLEDGER>
            <AMOUNT>213.60</AMOUNT>
          </ALLLEDGERENTRIES.LIST>
          <ALLLEDGERENTRIES.LIST>
            <LEDGERNAME>Round Off</LEDGERNAME>
            <GSTCLASS/>
            <ISDEEMEDPOSITIVE>Yes</ISDEEMEDPOSITIVE>
            <LEDGERFROMITEM>No</LEDGERFROMITEM>
            <REMOVEZEROENTRIES>No</REMOVEZEROENTRIES>
            <ISPARTYLEDGER>Yes</ISPARTYLEDGER>
            <AMOUNT>-0.20</AMOUNT>
          </ALLLEDGERENTRIES.LIST>
        </VOUCHER>
      </TALLYMESSAGE>
      <TALLYMESSAGE xmlns:UDF="TallyUDF">
        <VOUCHER REMOTEID="SL2147388452" VCHTYPE="Sales" ACTION="Create">
          <DATE>20240402</DATE>
          <GUID>2147388452</GUID>
          <NARRATION>Our WO No: 241625 Packing Note No: 00028/ 24/25</NARRATION>
          <VOUCHERTYPENAME>Sales</VOUCHERTYPENAME>
          <VOUCHERNUMBER>SL /JS0019 / 24/25</VOUCHERNUMBER>
          <REFERENCE> OA No: AM082231158, PO No-7338</REFERENCE>
          <PARTYLEDGERNAME>ALLIED MOULDED ENCLOSURE PRODUCTS (INDIA) PVT LTD</PARTYLEDGERNAME>
          <CSTFORMISSUETYPE/>
          <CSTFORMRECVTYPE/>
          <FBTPAYMENTTYPE>Default</FBTPAYMENTTYPE>
          <VCHGSTCLASS/>
          <DIFFACTUALQTY>No</DIFFACTUALQTY>
          <AUDITED>No</AUDITED>
          <FORJOBCOSTING>No</FORJOBCOSTING>
          <ISOPTIONAL>No</ISOPTIONAL>
          <EFFECTIVEDATE>20240402</EFFECTIVEDATE>
          <USEFORINTEREST>No</USEFORINTEREST>
          <USEFORGAINLOSS>No</USEFORGAINLOSS>
          <USEFORGODOWNTRANSFER>No</USEFORGODOWNTRANSFER>
          <USEFORCOMPOUND>No</USEFORCOMPOUND>
          <ALTERID>2</ALTERID>
          <EXCISEOPENING>No</EXCISEOPENING>
          <ISCANCELLED>No</ISCANCELLED>
          <HASCASHFLOW>No</HASCASHFLOW>
          <ISPOSTDATED>No</ISPOSTDATED>
          <USETRACKINGNUMBER>No</USETRACKINGNUMBER>
          <ISINVOICE>No</ISINVOICE>
          <MFGJOURNAL>No</MFGJOURNAL>
          <HASDISCOUNTS>No</HASDISCOUNTS>
          <ASPAYSLIP>No</ASPAYSLIP>
          <ISDELETED>No</ISDELETED>
          <ASORIGINAL>No</ASORIGINAL>
          <ALLLEDGERENTRIES.LIST>
            <LEDGERNAME>ALLIED MOULDED ENCLOSURE PRODUCTS (INDIA) PVT LTD</LEDGERNAME>
            <GSTCLASS/>
            <ISDEEMEDPOSITIVE>Yes</ISDEEMEDPOSITIVE>
            <LEDGERFROMITEM>No</LEDGERFROMITEM>
            <REMOVEZEROENTRIES>No</REMOVEZEROENTRIES>
            <ISPARTYLEDGER>Yes</ISPARTYLEDGER>
            <AMOUNT>-1546</AMOUNT>
            <BILLALLOCATIONS.LIST>
              <NAME>SL /JS0019 / 24/25</NAME>
              <BILLCREDITPERIOD>45</BILLCREDITPERIOD>
              <BILLTYPE>New Ref</BILLTYPE>
              <AMOUNT>-1546</AMOUNT>
            </BILLALLOCATIONS.LIST>
          </ALLLEDGERENTRIES.LIST>
          <ALLLEDGERENTRIES.LIST>
            <LEDGERNAME>JOBWORK</LEDGERNAME>
            <GSTCLASS/>
            <ISDEEMEDPOSITIVE>Yes</ISDEEMEDPOSITIVE>
            <LEDGERFROMITEM>No</LEDGERFROMITEM>
            <REMOVEZEROENTRIES>No</REMOVEZEROENTRIES>
            <ISPARTYLEDGER>Yes</ISPARTYLEDGER>
            <AMOUNT>1380.00</AMOUNT>
          </ALLLEDGERENTRIES.LIST>
          <ALLLEDGERENTRIES.LIST>
            <LEDGERNAME>CGST @ 6%</LEDGERNAME>
            <GSTCLASS/>
            <ISDEEMEDPOSITIVE>Yes</ISDEEMEDPOSITIVE>
            <LEDGERFROMITEM>No</LEDGERFROMITEM>
            <REMOVEZEROENTRIES>No</REMOVEZEROENTRIES>
            <ISPARTYLEDGER>Yes</ISPARTYLEDGER>
            <AMOUNT>82.80</AMOUNT>
          </ALLLEDGERENTRIES.LIST>
          <ALLLEDGERENTRIES.LIST>
            <LEDGERNAME>SGST @ 6%</LEDGERNAME>
            <GSTCLASS/>
            <ISDEEMEDPOSITIVE>Yes</ISDEEMEDPOSITIVE>
            <LEDGERFROMITEM>No</LEDGERFROMITEM>
            <REMOVEZEROENTRIES>No</REMOVEZEROENTRIES>
            <ISPARTYLEDGER>Yes</ISPARTYLEDGER>
            <AMOUNT>82.80</AMOUNT>
          </ALLLEDGERENTRIES.LIST>
          <ALLLEDGERENTRIES.LIST>
            <LEDGERNAME>Round Off</LEDGERNAME>
            <GSTCLASS/>
            <ISDEEMEDPOSITIVE>Yes</ISDEEMEDPOSITIVE>
            <LEDGERFROMITEM>No</LEDGERFROMITEM>
            <REMOVEZEROENTRIES>No</REMOVEZEROENTRIES>
            <ISPARTYLEDGER>Yes</ISPARTYLEDGER>
            <AMOUNT>0.40</AMOUNT>
          </ALLLEDGERENTRIES.LIST>
        </VOUCHER>
      </TALLYMESSAGE>
      <TALLYMESSAGE xmlns:UDF="TallyUDF">
        <VOUCHER REMOTEID="SL2147388453" VCHTYPE="Sales" ACTION="Create">
          <DATE>20240402</DATE>
          <GUID>2147388453</GUID>
          <NARRATION>Our WO No: 241581 Packing Note No: 00029/ 24/25</NARRATION>
          <VOUCHERTYPENAME>Sales</VOUCHERTYPENAME>
          <VOUCHERNUMBER>SL /JS0020 / 24/25</VOUCHERNUMBER>
          <REFERENCE>CES/966/2023-24 DT: 25/03/2024</REFERENCE>
          <PARTYLEDGERNAME>CRYSTAL ENGINEERING SYSTEMS (P) LTD.</PARTYLEDGERNAME>
          <CSTFORMISSUETYPE/>
          <CSTFORMRECVTYPE/>
          <FBTPAYMENTTYPE>Default</FBTPAYMENTTYPE>
          <VCHGSTCLASS/>
          <DIFFACTUALQTY>No</DIFFACTUALQTY>
          <AUDITED>No</AUDITED>
          <FORJOBCOSTING>No</FORJOBCOSTING>
          <ISOPTIONAL>No</ISOPTIONAL>
          <EFFECTIVEDATE>20240402</EFFECTIVEDATE>
          <USEFORINTEREST>No</USEFORINTEREST>
          <USEFORGAINLOSS>No</USEFORGAINLOSS>
          <USEFORGODOWNTRANSFER>No</USEFORGODOWNTRANSFER>
          <USEFORCOMPOUND>No</USEFORCOMPOUND>
          <ALTERID>2</ALTERID>
          <EXCISEOPENING>No</EXCISEOPENING>
          <ISCANCELLED>No</ISCANCELLED>
          <HASCASHFLOW>No</HASCASHFLOW>
          <ISPOSTDATED>No</ISPOSTDATED>
          <USETRACKINGNUMBER>No</USETRACKINGNUMBER>
          <ISINVOICE>No</ISINVOICE>
          <MFGJOURNAL>No</MFGJOURNAL>
          <HASDISCOUNTS>No</HASDISCOUNTS>
          <ASPAYSLIP>No</ASPAYSLIP>
          <ISDELETED>No</ISDELETED>
          <ASORIGINAL>No</ASORIGINAL>
          <ALLLEDGERENTRIES.LIST>
            <LEDGERNAME>CRYSTAL ENGINEERING SYSTEMS (P) LTD.</LEDGERNAME>
            <GSTCLASS/>
            <ISDEEMEDPOSITIVE>Yes</ISDEEMEDPOSITIVE>
            <LEDGERFROMITEM>No</LEDGERFROMITEM>
            <REMOVEZEROENTRIES>No</REMOVEZEROENTRIES>
            <ISPARTYLEDGER>Yes</ISPARTYLEDGER>
            <AMOUNT>-1081</AMOUNT>
            <BILLALLOCATIONS.LIST>
              <NAME>SL /JS0020 / 24/25</NAME>
              <BILLCREDITPERIOD>60</BILLCREDITPERIOD>
              <BILLTYPE>New Ref</BILLTYPE>
              <AMOUNT>-1081</AMOUNT>
            </BILLALLOCATIONS.LIST>
          </ALLLEDGERENTRIES.LIST>
          <ALLLEDGERENTRIES.LIST>
            <LEDGERNAME>JOBWORK</LEDGERNAME>
            <GSTCLASS/>
            <ISDEEMEDPOSITIVE>Yes</ISDEEMEDPOSITIVE>
            <LEDGERFROMITEM>No</LEDGERFROMITEM>
            <REMOVEZEROENTRIES>No</REMOVEZEROENTRIES>
            <ISPARTYLEDGER>Yes</ISPARTYLEDGER>
            <AMOUNT>965.00</AMOUNT>
          </ALLLEDGERENTRIES.LIST>
          <ALLLEDGERENTRIES.LIST>
            <LEDGERNAME>IGST @ 12%</LEDGERNAME>
            <GSTCLASS/>
            <ISDEEMEDPOSITIVE>Yes</ISDEEMEDPOSITIVE>
            <LEDGERFROMITEM>No</LEDGERFROMITEM>
            <REMOVEZEROENTRIES>No</REMOVEZEROENTRIES>
            <ISPARTYLEDGER>Yes</ISPARTYLEDGER>
            <AMOUNT>115.80</AMOUNT>
          </ALLLEDGERENTRIES.LIST>
          <ALLLEDGERENTRIES.LIST>
            <LEDGERNAME>Round Off</LEDGERNAME>
            <GSTCLASS/>
            <ISDEEMEDPOSITIVE>Yes</ISDEEMEDPOSITIVE>
            <LEDGERFROMITEM>No</LEDGERFROMITEM>
            <REMOVEZEROENTRIES>No</REMOVEZEROENTRIES>
            <ISPARTYLEDGER>Yes</ISPARTYLEDGER>
            <AMOUNT>0.20</AMOUNT>
          </ALLLEDGERENTRIES.LIST>
        </VOUCHER>
      </TALLYMESSAGE>
      <TALLYMESSAGE xmlns:UDF="TallyUDF">
        <VOUCHER REMOTEID="SL2147388455" VCHTYPE="Sales" ACTION="Create">
          <DATE>20240402</DATE>
          <GUID>2147388455</GUID>
          <NARRATION>Our WO No: 241665 Packing Note No: 00031/ 24/25</NARRATION>
          <VOUCHERTYPENAME>Sales</VOUCHERTYPENAME>
          <VOUCHERNUMBER>SL /JS0022 / 24/25</VOUCHERNUMBER>
          <REFERENCE>DCNO-866             DATE-30/3/2024</REFERENCE>
          <PARTYLEDGERNAME>PNP INDUSTRIES</PARTYLEDGERNAME>
          <CSTFORMISSUETYPE/>
          <CSTFORMRECVTYPE/>
          <FBTPAYMENTTYPE>Default</FBTPAYMENTTYPE>
          <VCHGSTCLASS/>
          <DIFFACTUALQTY>No</DIFFACTUALQTY>
          <AUDITED>No</AUDITED>
          <FORJOBCOSTING>No</FORJOBCOSTING>
          <ISOPTIONAL>No</ISOPTIONAL>
          <EFFECTIVEDATE>20240402</EFFECTIVEDATE>
          <USEFORINTEREST>No</USEFORINTEREST>
          <USEFORGAINLOSS>No</USEFORGAINLOSS>
          <USEFORGODOWNTRANSFER>No</USEFORGODOWNTRANSFER>
          <USEFORCOMPOUND>No</USEFORCOMPOUND>
          <ALTERID>2</ALTERID>
          <EXCISEOPENING>No</EXCISEOPENING>
          <ISCANCELLED>No</ISCANCELLED>
          <HASCASHFLOW>No</HASCASHFLOW>
          <ISPOSTDATED>No</ISPOSTDATED>
          <USETRACKINGNUMBER>No</USETRACKINGNUMBER>
          <ISINVOICE>No</ISINVOICE>
          <MFGJOURNAL>No</MFGJOURNAL>
          <HASDISCOUNTS>No</HASDISCOUNTS>
          <ASPAYSLIP>No</ASPAYSLIP>
          <ISDELETED>No</ISDELETED>
          <ASORIGINAL>No</ASORIGINAL>
          <ALLLEDGERENTRIES.LIST>
            <LEDGERNAME>PNP INDUSTRIES</LEDGERNAME>
            <GSTCLASS/>
            <ISDEEMEDPOSITIVE>Yes</ISDEEMEDPOSITIVE>
            <LEDGERFROMITEM>No</LEDGERFROMITEM>
            <REMOVEZEROENTRIES>No</REMOVEZEROENTRIES>
            <ISPARTYLEDGER>Yes</ISPARTYLEDGER>
            <AMOUNT>-930</AMOUNT>
            <BILLALLOCATIONS.LIST>
              <NAME>SL /JS0022 / 24/25</NAME>
              <BILLCREDITPERIOD>60</BILLCREDITPERIOD>
              <BILLTYPE>New Ref</BILLTYPE>
              <AMOUNT>-930</AMOUNT>
            </BILLALLOCATIONS.LIST>
          </ALLLEDGERENTRIES.LIST>
          <ALLLEDGERENTRIES.LIST>
            <LEDGERNAME>JOBWORK</LEDGERNAME>
            <GSTCLASS/>
            <ISDEEMEDPOSITIVE>Yes</ISDEEMEDPOSITIVE>
            <LEDGERFROMITEM>No</LEDGERFROMITEM>
            <REMOVEZEROENTRIES>No</REMOVEZEROENTRIES>
            <ISPARTYLEDGER>Yes</ISPARTYLEDGER>
            <AMOUNT>830.00</AMOUNT>
          </ALLLEDGERENTRIES.LIST>
          <ALLLEDGERENTRIES.LIST>
            <LEDGERNAME>CGST @ 6%</LEDGERNAME>
            <GSTCLASS/>
            <ISDEEMEDPOSITIVE>Yes</ISDEEMEDPOSITIVE>
            <LEDGERFROMITEM>No</LEDGERFROMITEM>
            <REMOVEZEROENTRIES>No</REMOVEZEROENTRIES>
            <ISPARTYLEDGER>Yes</ISPARTYLEDGER>
            <AMOUNT>49.80</AMOUNT>
          </ALLLEDGERENTRIES.LIST>
          <ALLLEDGERENTRIES.LIST>
            <LEDGERNAME>SGST @ 6%</LEDGERNAME>
            <GSTCLASS/>
            <ISDEEMEDPOSITIVE>Yes</ISDEEMEDPOSITIVE>
            <LEDGERFROMITEM>No</LEDGERFROMITEM>
            <REMOVEZEROENTRIES>No</REMOVEZEROENTRIES>
            <ISPARTYLEDGER>Yes</ISPARTYLEDGER>
            <AMOUNT>49.80</AMOUNT>
          </ALLLEDGERENTRIES.LIST>
          <ALLLEDGERENTRIES.LIST>
            <LEDGERNAME>Round Off</LEDGERNAME>
            <GSTCLASS/>
            <ISDEEMEDPOSITIVE>Yes</ISDEEMEDPOSITIVE>
            <LEDGERFROMITEM>No</LEDGERFROMITEM>
            <REMOVEZEROENTRIES>No</REMOVEZEROENTRIES>
            <ISPARTYLEDGER>Yes</ISPARTYLEDGER>
            <AMOUNT>0.40</AMOUNT>
          </ALLLEDGERENTRIES.LIST>
        </VOUCHER>
      </TALLYMESSAGE>
      <TALLYMESSAGE xmlns:UDF="TallyUDF">
        <VOUCHER REMOTEID="SL2147388461" VCHTYPE="Sales" ACTION="Create">
          <DATE>20240402</DATE>
          <GUID>2147388461</GUID>
          <NARRATION>Our WO No: 241649 Packing Note No: 00035/ 24/25</NARRATION>
          <VOUCHERTYPENAME>Sales</VOUCHERTYPENAME>
          <VOUCHERNUMBER>SL /JS0023 / 24/25</VOUCHERNUMBER>
          <REFERENCE>PO NO: 2023-24/122 DT 27.03.2024</REFERENCE>
          <PARTYLEDGERNAME>K.K INDUSTRIES</PARTYLEDGERNAME>
          <CSTFORMISSUETYPE/>
          <CSTFORMRECVTYPE/>
          <FBTPAYMENTTYPE>Default</FBTPAYMENTTYPE>
          <VCHGSTCLASS/>
          <DIFFACTUALQTY>No</DIFFACTUALQTY>
          <AUDITED>No</AUDITED>
          <FORJOBCOSTING>No</FORJOBCOSTING>
          <ISOPTIONAL>No</ISOPTIONAL>
          <EFFECTIVEDATE>20240402</EFFECTIVEDATE>
          <USEFORINTEREST>No</USEFORINTEREST>
          <USEFORGAINLOSS>No</USEFORGAINLOSS>
          <USEFORGODOWNTRANSFER>No</USEFORGODOWNTRANSFER>
          <USEFORCOMPOUND>No</USEFORCOMPOUND>
          <ALTERID>2</ALTERID>
          <EXCISEOPENING>No</EXCISEOPENING>
          <ISCANCELLED>No</ISCANCELLED>
          <HASCASHFLOW>No</HASCASHFLOW>
          <ISPOSTDATED>No</ISPOSTDATED>
          <USETRACKINGNUMBER>No</USETRACKINGNUMBER>
          <ISINVOICE>No</ISINVOICE>
          <MFGJOURNAL>No</MFGJOURNAL>
          <HASDISCOUNTS>No</HASDISCOUNTS>
          <ASPAYSLIP>No</ASPAYSLIP>
          <ISDELETED>No</ISDELETED>
          <ASORIGINAL>No</ASORIGINAL>
          <ALLLEDGERENTRIES.LIST>
            <LEDGERNAME>K.K INDUSTRIES</LEDGERNAME>
            <GSTCLASS/>
            <ISDEEMEDPOSITIVE>Yes</ISDEEMEDPOSITIVE>
            <LEDGERFROMITEM>No</LEDGERFROMITEM>
            <REMOVEZEROENTRIES>No</REMOVEZEROENTRIES>
            <ISPARTYLEDGER>Yes</ISPARTYLEDGER>
            <AMOUNT>-74776</AMOUNT>
            <BILLALLOCATIONS.LIST>
              <NAME>SL /JS0023 / 24/25</NAME>
              <BILLCREDITPERIOD>7</BILLCREDITPERIOD>
              <BILLTYPE>New Ref</BILLTYPE>
              <AMOUNT>-74776</AMOUNT>
            </BILLALLOCATIONS.LIST>
          </ALLLEDGERENTRIES.LIST>
          <ALLLEDGERENTRIES.LIST>
            <LEDGERNAME>JOBWORK</LEDGERNAME>
            <GSTCLASS/>
            <ISDEEMEDPOSITIVE>Yes</ISDEEMEDPOSITIVE>
            <LEDGERFROMITEM>No</LEDGERFROMITEM>
            <REMOVEZEROENTRIES>No</REMOVEZEROENTRIES>
            <ISPARTYLEDGER>Yes</ISPARTYLEDGER>
            <AMOUNT>66764.10</AMOUNT>
          </ALLLEDGERENTRIES.LIST>
          <ALLLEDGERENTRIES.LIST>
            <LEDGERNAME>CGST @ 6%</LEDGERNAME>
            <GSTCLASS/>
            <ISDEEMEDPOSITIVE>Yes</ISDEEMEDPOSITIVE>
            <LEDGERFROMITEM>No</LEDGERFROMITEM>
            <REMOVEZEROENTRIES>No</REMOVEZEROENTRIES>
            <ISPARTYLEDGER>Yes</ISPARTYLEDGER>
            <AMOUNT>4005.85</AMOUNT>
          </ALLLEDGERENTRIES.LIST>
          <ALLLEDGERENTRIES.LIST>
            <LEDGERNAME>SGST @ 6%</LEDGERNAME>
            <GSTCLASS/>
            <ISDEEMEDPOSITIVE>Yes</ISDEEMEDPOSITIVE>
            <LEDGERFROMITEM>No</LEDGERFROMITEM>
            <REMOVEZEROENTRIES>No</REMOVEZEROENTRIES>
            <ISPARTYLEDGER>Yes</ISPARTYLEDGER>
            <AMOUNT>4005.85</AMOUNT>
          </ALLLEDGERENTRIES.LIST>
          <ALLLEDGERENTRIES.LIST>
            <LEDGERNAME>Round Off</LEDGERNAME>
            <GSTCLASS/>
            <ISDEEMEDPOSITIVE>Yes</ISDEEMEDPOSITIVE>
            <LEDGERFROMITEM>No</LEDGERFROMITEM>
            <REMOVEZEROENTRIES>No</REMOVEZEROENTRIES>
            <ISPARTYLEDGER>Yes</ISPARTYLEDGER>
            <AMOUNT>0.20</AMOUNT>
          </ALLLEDGERENTRIES.LIST>
        </VOUCHER>
      </TALLYMESSAGE>
      <TALLYMESSAGE xmlns:UDF="TallyUDF">
        <VOUCHER REMOTEID="SR2147388454" VCHTYPE="Service" ACTION="Create">
          <DATE>20240402</DATE>
          <GUID>2147388454</GUID>
          <NARRATION>Our WO No: 241652 Packing Note No: 00030/ 24/25</NARRATION>
          <VOUCHERTYPENAME>Service</VOUCHERTYPENAME>
          <VOUCHERNUMBER>SR /JS0021 / 24/25</VOUCHERNUMBER>
          <REFERENCE>SB/23-24/27 DC NO:1318 DT:30/03/2024</REFERENCE>
          <PARTYLEDGERNAME>SLEEK BANDS</PARTYLEDGERNAME>
          <CSTFORMISSUETYPE/>
          <CSTFORMRECVTYPE/>
          <FBTPAYMENTTYPE>Default</FBTPAYMENTTYPE>
          <VCHGSTCLASS/>
          <DIFFACTUALQTY>No</DIFFACTUALQTY>
          <AUDITED>No</AUDITED>
          <FORJOBCOSTING>No</FORJOBCOSTING>
          <ISOPTIONAL>No</ISOPTIONAL>
          <EFFECTIVEDATE>20240402</EFFECTIVEDATE>
          <USEFORINTEREST>No</USEFORINTEREST>
          <USEFORGAINLOSS>No</USEFORGAINLOSS>
          <USEFORGODOWNTRANSFER>No</USEFORGODOWNTRANSFER>
          <USEFORCOMPOUND>No</USEFORCOMPOUND>
          <ALTERID>2</ALTERID>
          <EXCISEOPENING>No</EXCISEOPENING>
          <ISCANCELLED>No</ISCANCELLED>
          <HASCASHFLOW>No</HASCASHFLOW>
          <ISPOSTDATED>No</ISPOSTDATED>
          <USETRACKINGNUMBER>No</USETRACKINGNUMBER>
          <ISINVOICE>No</ISINVOICE>
          <MFGJOURNAL>No</MFGJOURNAL>
          <HASDISCOUNTS>No</HASDISCOUNTS>
          <ASPAYSLIP>No</ASPAYSLIP>
          <ISDELETED>No</ISDELETED>
          <ASORIGINAL>No</ASORIGINAL>
          <ALLLEDGERENTRIES.LIST>
            <LEDGERNAME>SLEEK BANDS</LEDGERNAME>
            <GSTCLASS/>
            <ISDEEMEDPOSITIVE>Yes</ISDEEMEDPOSITIVE>
            <LEDGERFROMITEM>No</LEDGERFROMITEM>
            <REMOVEZEROENTRIES>No</REMOVEZEROENTRIES>
            <ISPARTYLEDGER>Yes</ISPARTYLEDGER>
            <AMOUNT>-20815</AMOUNT>
            <BILLALLOCATIONS.LIST>
              <NAME>SR /JS0021 / 24/25</NAME>
              <BILLCREDITPERIOD>7</BILLCREDITPERIOD>
              <BILLTYPE>New Ref</BILLTYPE>
              <AMOUNT>-20815</AMOUNT>
            </BILLALLOCATIONS.LIST>
          </ALLLEDGERENTRIES.LIST>
          <ALLLEDGERENTRIES.LIST>
            <LEDGERNAME>SERVICE</LEDGERNAME>
            <GSTCLASS/>
            <ISDEEMEDPOSITIVE>Yes</ISDEEMEDPOSITIVE>
            <LEDGERFROMITEM>No</LEDGERFROMITEM>
            <REMOVEZEROENTRIES>No</REMOVEZEROENTRIES>
            <ISPARTYLEDGER>Yes</ISPARTYLEDGER>
            <AMOUNT>18585.00</AMOUNT>
          </ALLLEDGERENTRIES.LIST>
          <ALLLEDGERENTRIES.LIST>
            <LEDGERNAME>IGST @ 12%</LEDGERNAME>
            <GSTCLASS/>
            <ISDEEMEDPOSITIVE>Yes</ISDEEMEDPOSITIVE>
            <LEDGERFROMITEM>No</LEDGERFROMITEM>
            <REMOVEZEROENTRIES>No</REMOVEZEROENTRIES>
            <ISPARTYLEDGER>Yes</ISPARTYLEDGER>
            <AMOUNT>2230.20</AMOUNT>
          </ALLLEDGERENTRIES.LIST>
          <ALLLEDGERENTRIES.LIST>
            <LEDGERNAME>Round Off</LEDGERNAME>
            <GSTCLASS/>
            <ISDEEMEDPOSITIVE>Yes</ISDEEMEDPOSITIVE>
            <LEDGERFROMITEM>No</LEDGERFROMITEM>
            <REMOVEZEROENTRIES>No</REMOVEZEROENTRIES>
            <ISPARTYLEDGER>Yes</ISPARTYLEDGER>
            <AMOUNT>-0.20</AMOUNT>
          </ALLLEDGERENTRIES.LIST>
        </VOUCHER>
      </TALLYMESSAGE>
      <TALLYMESSAGE xmlns:UDF="TallyUDF">
        <VOUCHER REMOTEID="SR2147388464" VCHTYPE="Service" ACTION="Create">
          <DATE>20240402</DATE>
          <GUID>2147388464</GUID>
          <NARRATION>Our WO No: 241672 Packing Note No: 00037/ 24/25</NARRATION>
          <VOUCHERTYPENAME>Service</VOUCHERTYPENAME>
          <VOUCHERNUMBER>SR /JS0024 / 24/25</VOUCHERNUMBER>
          <REFERENCE>PO-004-2024-25 DC NO:490-2023-24 DT:27/03/2024</REFERENCE>
          <PARTYLEDGERNAME>BELLATRIX AEROSPACE PVT LTD</PARTYLEDGERNAME>
          <CSTFORMISSUETYPE/>
          <CSTFORMRECVTYPE/>
          <FBTPAYMENTTYPE>Default</FBTPAYMENTTYPE>
          <VCHGSTCLASS/>
          <DIFFACTUALQTY>No</DIFFACTUALQTY>
          <AUDITED>No</AUDITED>
          <FORJOBCOSTING>No</FORJOBCOSTING>
          <ISOPTIONAL>No</ISOPTIONAL>
          <EFFECTIVEDATE>20240402</EFFECTIVEDATE>
          <USEFORINTEREST>No</USEFORINTEREST>
          <USEFORGAINLOSS>No</USEFORGAINLOSS>
          <USEFORGODOWNTRANSFER>No</USEFORGODOWNTRANSFER>
          <USEFORCOMPOUND>No</USEFORCOMPOUND>
          <ALTERID>2</ALTERID>
          <EXCISEOPENING>No</EXCISEOPENING>
          <ISCANCELLED>No</ISCANCELLED>
          <HASCASHFLOW>No</HASCASHFLOW>
          <ISPOSTDATED>No</ISPOSTDATED>
          <USETRACKINGNUMBER>No</USETRACKINGNUMBER>
          <ISINVOICE>No</ISINVOICE>
          <MFGJOURNAL>No</MFGJOURNAL>
          <HASDISCOUNTS>No</HASDISCOUNTS>
          <ASPAYSLIP>No</ASPAYSLIP>
          <ISDELETED>No</ISDELETED>
          <ASORIGINAL>No</ASORIGINAL>
          <ALLLEDGERENTRIES.LIST>
            <LEDGERNAME>BELLATRIX AEROSPACE PVT LTD</LEDGERNAME>
            <GSTCLASS/>
            <ISDEEMEDPOSITIVE>Yes</ISDEEMEDPOSITIVE>
            <LEDGERFROMITEM>No</LEDGERFROMITEM>
            <REMOVEZEROENTRIES>No</REMOVEZEROENTRIES>
            <ISPARTYLEDGER>Yes</ISPARTYLEDGER>
            <AMOUNT>-1792</AMOUNT>
            <BILLALLOCATIONS.LIST>
              <NAME>SR /JS0024 / 24/25</NAME>
              <BILLCREDITPERIOD>15</BILLCREDITPERIOD>
              <BILLTYPE>New Ref</BILLTYPE>
              <AMOUNT>-1792</AMOUNT>
            </BILLALLOCATIONS.LIST>
          </ALLLEDGERENTRIES.LIST>
          <ALLLEDGERENTRIES.LIST>
            <LEDGERNAME>SERVICE</LEDGERNAME>
            <GSTCLASS/>
            <ISDEEMEDPOSITIVE>Yes</ISDEEMEDPOSITIVE>
            <LEDGERFROMITEM>No</LEDGERFROMITEM>
            <REMOVEZEROENTRIES>No</REMOVEZEROENTRIES>
            <ISPARTYLEDGER>Yes</ISPARTYLEDGER>
            <AMOUNT>1600.00</AMOUNT>
          </ALLLEDGERENTRIES.LIST>
          <ALLLEDGERENTRIES.LIST>
            <LEDGERNAME>CGST @ 6%</LEDGERNAME>
            <GSTCLASS/>
            <ISDEEMEDPOSITIVE>Yes</ISDEEMEDPOSITIVE>
            <LEDGERFROMITEM>No</LEDGERFROMITEM>
            <REMOVEZEROENTRIES>No</REMOVEZEROENTRIES>
            <ISPARTYLEDGER>Yes</ISPARTYLEDGER>
            <AMOUNT>96.00</AMOUNT>
          </ALLLEDGERENTRIES.LIST>
          <ALLLEDGERENTRIES.LIST>
            <LEDGERNAME>SGST @ 6%</LEDGERNAME>
            <GSTCLASS/>
            <ISDEEMEDPOSITIVE>Yes</ISDEEMEDPOSITIVE>
            <LEDGERFROMITEM>No</LEDGERFROMITEM>
            <REMOVEZEROENTRIES>No</REMOVEZEROENTRIES>
            <ISPARTYLEDGER>Yes</ISPARTYLEDGER>
            <AMOUNT>96.00</AMOUNT>
          </ALLLEDGERENTRIES.LIST>
        </VOUCHER>
      </TALLYMESSAGE>
      <TALLYMESSAGE xmlns:UDF="TallyUDF">
        <VOUCHER REMOTEID="SR2147388463" VCHTYPE="Service" ACTION="Create">
          <DATE>20240402</DATE>
          <GUID>2147388463</GUID>
          <NARRATION>Our WO No: 241673 Packing Note No: 00036/ 24/25</NARRATION>
          <VOUCHERTYPENAME>Service</VOUCHERTYPENAME>
          <VOUCHERNUMBER>SR /JS0025 / 24/25</VOUCHERNUMBER>
          <REFERENCE>PO-004-2024-25 DC NO:488-2023-24 DT:27/03/2024</REFERENCE>
          <PARTYLEDGERNAME>BELLATRIX AEROSPACE PVT LTD</PARTYLEDGERNAME>
          <CSTFORMISSUETYPE/>
          <CSTFORMRECVTYPE/>
          <FBTPAYMENTTYPE>Default</FBTPAYMENTTYPE>
          <VCHGSTCLASS/>
          <DIFFACTUALQTY>No</DIFFACTUALQTY>
          <AUDITED>No</AUDITED>
          <FORJOBCOSTING>No</FORJOBCOSTING>
          <ISOPTIONAL>No</ISOPTIONAL>
          <EFFECTIVEDATE>20240402</EFFECTIVEDATE>
          <USEFORINTEREST>No</USEFORINTEREST>
          <USEFORGAINLOSS>No</USEFORGAINLOSS>
          <USEFORGODOWNTRANSFER>No</USEFORGODOWNTRANSFER>
          <USEFORCOMPOUND>No</USEFORCOMPOUND>
          <ALTERID>2</ALTERID>
          <EXCISEOPENING>No</EXCISEOPENING>
          <ISCANCELLED>No</ISCANCELLED>
          <HASCASHFLOW>No</HASCASHFLOW>
          <ISPOSTDATED>No</ISPOSTDATED>
          <USETRACKINGNUMBER>No</USETRACKINGNUMBER>
          <ISINVOICE>No</ISINVOICE>
          <MFGJOURNAL>No</MFGJOURNAL>
          <HASDISCOUNTS>No</HASDISCOUNTS>
          <ASPAYSLIP>No</ASPAYSLIP>
          <ISDELETED>No</ISDELETED>
          <ASORIGINAL>No</ASORIGINAL>
          <ALLLEDGERENTRIES.LIST>
            <LEDGERNAME>BELLATRIX AEROSPACE PVT LTD</LEDGERNAME>
            <GSTCLASS/>
            <ISDEEMEDPOSITIVE>Yes</ISDEEMEDPOSITIVE>
            <LEDGERFROMITEM>No</LEDGERFROMITEM>
            <REMOVEZEROENTRIES>No</REMOVEZEROENTRIES>
            <ISPARTYLEDGER>Yes</ISPARTYLEDGER>
            <AMOUNT>-7392</AMOUNT>
            <BILLALLOCATIONS.LIST>
              <NAME>SR /JS0025 / 24/25</NAME>
              <BILLCREDITPERIOD>15</BILLCREDITPERIOD>
              <BILLTYPE>New Ref</BILLTYPE>
              <AMOUNT>-7392</AMOUNT>
            </BILLALLOCATIONS.LIST>
          </ALLLEDGERENTRIES.LIST>
          <ALLLEDGERENTRIES.LIST>
            <LEDGERNAME>SERVICE</LEDGERNAME>
            <GSTCLASS/>
            <ISDEEMEDPOSITIVE>Yes</ISDEEMEDPOSITIVE>
            <LEDGERFROMITEM>No</LEDGERFROMITEM>
            <REMOVEZEROENTRIES>No</REMOVEZEROENTRIES>
            <ISPARTYLEDGER>Yes</ISPARTYLEDGER>
            <AMOUNT>6600.00</AMOUNT>
          </ALLLEDGERENTRIES.LIST>
          <ALLLEDGERENTRIES.LIST>
            <LEDGERNAME>CGST @ 6%</LEDGERNAME>
            <GSTCLASS/>
            <ISDEEMEDPOSITIVE>Yes</ISDEEMEDPOSITIVE>
            <LEDGERFROMITEM>No</LEDGERFROMITEM>
            <REMOVEZEROENTRIES>No</REMOVEZEROENTRIES>
            <ISPARTYLEDGER>Yes</ISPARTYLEDGER>
            <AMOUNT>396.00</AMOUNT>
          </ALLLEDGERENTRIES.LIST>
          <ALLLEDGERENTRIES.LIST>
            <LEDGERNAME>SGST @ 6%</LEDGERNAME>
            <GSTCLASS/>
            <ISDEEMEDPOSITIVE>Yes</ISDEEMEDPOSITIVE>
            <LEDGERFROMITEM>No</LEDGERFROMITEM>
            <REMOVEZEROENTRIES>No</REMOVEZEROENTRIES>
            <ISPARTYLEDGER>Yes</ISPARTYLEDGER>
            <AMOUNT>396.00</AMOUNT>
          </ALLLEDGERENTRIES.LIST>
        </VOUCHER>
      </TALLYMESSAGE>
    </IMPORTDATA>
  </BODY>
</ENVELOPE>